FeatureId,DATA_DATE,DATA_SRCE,PID,NAME,HT_MOD,CORS_ID,PACS_SACS,STATE,COUNTY,QUAD,LATITUDE,LONGITUDE,DEC_LAT,DEC_LON,ELLIP_HT,POS_DATUM,DATUM_TAG,POS_EPOCH,POS_SRCE,ORTHO_HT,VERT_DATUM,VERT_EPOCH,VERT_SRCE,GEOID_HT,GEOID_MOD,DYNAMIC_HT,MODEL_GRAV,N_ACC_HZ,N_ACC_EH,N_ACC_STDN,N_ACC_STDE,N_ACC_STDH,N_ACC_CORR,POS_ORDER,VERT_ORDER,VERT_CLASS,ECEF_X,ECEF_Y,ECEF_Z,SPC_ZONE,SPC_NORTH,SPC_EAST,SPC_CONV,SPC_CSF,UTM_ZONE,UTM_NORTH,UTM_EAST,UTM_CONV,UTM_CSF,STABILITY,FIRST_RECV,LAST_RECV,LAST_COND,LAST_RECBY,SAT_USE,MARKER,SETTING,STAMPING
,20260103,http://www.ngs.noaa.gov/cgi-bin/ds_mark.prl?PidBox=LX0661,LX0661,1,,,,CT,LITCHFIELD,LITCHFIELD (2018),41 40 59.64   (N),073 13 44.23   (W),41.6832333333,-73.2289527778,,NAD 83,(1986),,HD_HELD1,287.778,NAVD 88,,POSTED,-29.327,GEOID18,287.68,980270.2,,,,,,,,,,,,,CT,246900.1,264923.6,,,,,,,,C,UNK,1950,MARK NOT FOUND,CGS,,DD = SURVEY DISK,80 = SET IN A BOULDER,B.M. 1
,20260103,http://www.ngs.noaa.gov/cgi-bin/ds_mark.prl?PidBox=LX2337,LX2337,1,,,,CT,FAIRFIELD,BRIDGEPORT (2018),41 14 23.     (N),073 13 13.     (W),41.2397222222,-73.2202777778,,NAD 83,(1986),,SCALED,109.053,NAVD 88,,ADJUSTED,-29.720,GEOID18,109.016,980284.8,,,,,,,,1,2,,,,CT,197640.,265380.,,,,,,,,C,UNK,1985,GOOD,NGS,,DD = SURVEY DISK,7 = SET IN TOP OF CONCRETE MONUMENT,1
,20260103,http://www.ngs.noaa.gov/cgi-bin/ds_mark.prl?PidBox=LX0124,LX0124,1,,,,CT,NEW LONDON,OLD LYME (2018),41 18 39.29   (N),072 15 12.75   (W),41.3109138889,-72.2535416667,,NAD 83,(1986),,HD_HELD1,5.386,NAVD 88,,ADJUSTED,-30.538,GEOID18,5.384,980279.1,,,,,,,,1,1,,,,CT,205558.5,346372.7,,,,,,,,C,UNK,20221011,GOOD,CTGS,Y,DD = SURVEY DISK,7 = SET IN TOP OF CONCRETE MONUMENT,1
,20260103,http://www.ngs.noaa.gov/cgi-bin/ds_mark.prl?PidBox=LX1883,LX1883,1,,,,CT,FAIRFIELD,BETHEL (2018),41 19 19.     (N),073 28 32.     (W),41.3219444444,-73.4755555556,,NAD 83,(1986),,SCALED,153.685,NAVD 88,,ADJUSTED,-29.844,GEOID18,153.632,980271.6,,,,,,,,1,2,,,,CT,206920.,244060.,,,,,,,,C,UNK,1984,GOOD,NGS,,DD = SURVEY DISK,7 = SET IN TOP OF CONCRETE MONUMENT,1
,20260103,http://www.ngs.noaa.gov/cgi-bin/ds_mark.prl?PidBox=LW3322,LW3322,1,,,,CT,NEW LONDON,WATCH HILL (2018),41 20 06.66077(N),071 50 24.56308(W),41.3351835472,-71.8401564111,,NAD 83,(1996),,ADJUSTED,6.,NAVD 88,,SCALED,-30.643,GEOID18,,,,,,,,,3,,,,,,CT,208535.439,380959.121,+0 36 11.8,0.99999302,19,4579858.807,262340.061,-1 52 36.1,1.00029517,D,1934,1990,GOOD,USPSQD,,DD = SURVEY DISK,0 = UNSPECIFIED SETTING,
,20260103,http://www.ngs.noaa.gov/cgi-bin/ds_mark.prl?PidBox=LX3358,LX3358,1,,,,CT,NEW LONDON,HAMBURG (2018),41 28 05.     (N),072 16 29.     (W),41.4680555556,-72.2747222222,,NAD 83,(1986),,SCALED,86.626,NAVD 88,,ADJUSTED,-30.196,GEOID18,86.595,980269.1,,,,,,,,1,2,,,,CT,223000.,344500.,,,,,,,,C,UNK,20030602,MARK NOT FOUND,USPSQD,,DD = SURVEY DISK,7 = SET IN TOP OF CONCRETE MONUMENT,1
,20260103,http://www.ngs.noaa.gov/cgi-bin/ds_mark.prl?PidBox=LX3167,LX3167,1,,,,CT,HARTFORD,HARTFORD SOUTH (2018),41 44 16.     (N),072 41 08.     (W),41.7377777778,-72.6855555556,,NAD 83,(1986),,SCALED,23.703,NAVD 88,,ADJUSTED,-29.356,GEOID18,23.696,980325.7,,,,,,,,1,2,,,,CT,252850.,310160.,,,,,,,,C,1960,19940907,MARK NOT FOUND,USPSQD,,N = NAIL,7 = SET IN TOP OF CONCRETE MONUMENT,
,20260103,http://www.ngs.noaa.gov/cgi-bin/ds_mark.prl?PidBox=LX0863,LX0863,1 C OF B,,,,CT,FAIRFIELD,BRIDGEPORT (2018),41 10 44.     (N),073 09 46.     (W),41.1788888889,-73.1627777778,,NAD 83,(1986),,SCALED,5.119,NAVD 88,,ADJUSTED,-29.888,GEOID18,5.118,980300.8,,,,,,,,1,2,,,,CT,190860.,270170.,,,,,,,,C,UNK,1985,GOOD,NGS,,C = CAP OF CAP-AND-BOLT PAIR,7 = SET IN TOP OF CONCRETE MONUMENT,
,20260103,http://www.ngs.noaa.gov/cgi-bin/ds_mark.prl?PidBox=LX2608,LX2608,1 M 741,,,,CT,LITCHFIELD,NEW PRESTON (2018),41 41 45.7    (N),073 18 37.0    (W),41.6960277778,-73.3102777778,,NAD 83,(1986),,HD_HELD2,225.672,NAVD 88,,ADJUSTED,-29.535,GEOID18,225.595,980274.8,,,,,,,,1,2,,,,CT,248362.,258162.,,,,,,,,A,1943,20160305,GOOD,GEOCAC,N,DD = SURVEY DISK,66 = SET IN ROCK OUTCROP,1M 741 1943
,20260103,http://www.ngs.noaa.gov/cgi-bin/ds_mark.prl?PidBox=LX2264,LX2264,1 N 10,,,,CT,FAIRFIELD,GLENVILLE (2018),41 02 12.     (N),073 40 30.     (W),41.0366666667,-73.6750000000,,NAD 83,(1986),,SCALED,86.090,NAVD 88,,ADJUSTED,-30.656,GEOID18,86.059,980269.9,,,,,,,,1,2,,,,CT,175400.,227020.,,,,,,,,A,UNK,1989,POOR,USPSQD,,DD = SURVEY DISK,38 = SET IN THE ABUTMENT OR PIER OF A LARGE BRIDGE,1 N 10
,20260103,http://www.ngs.noaa.gov/cgi-bin/ds_mark.prl?PidBox=LW1666,LW1666,1 NL CO CTDT,,,,CT,NEW LONDON,JEWETT CITY (2018),41 36 15.     (N),071 59 46.     (W),41.6041666667,-71.9961111111,,NAD 83,(1986),,SCALED,50.444,NAVD 88,,ADJUSTED,-30.194,GEOID18,50.427,980285.2,,,,,,,,1,2,,,,CT,238280.,367650.,,,,,,,,C,UNK,1984,GOOD,NGS,,DD = SURVEY DISK,7 = SET IN TOP OF CONCRETE MONUMENT,1
,20260103,http://www.ngs.noaa.gov/cgi-bin/ds_mark.prl?PidBox=MZ1463,MZ1463,1 RESET,,,,CT,LITCHFIELD,ASHLEY FALLS (2018),42 00 41.     (N),073 16 22.     (W),42.0113888889,-73.2727777778,,NAD 83,(1986),,SCALED,229.237,NAVD 88,,ADJUSTED,-29.563,GEOID18,229.159,980277.3,,,,,,,,1,2,,,,CT,283370.,261500.,,,,,,,,C,1949,20160821,GOOD,GEOCAC,Y,DB = BENCH MARK DISK,32 = SET IN A RETAINING WALL OR CONCRETE LEDGE,1 RESET 1949
,20260103,http://www.ngs.noaa.gov/cgi-bin/ds_mark.prl?PidBox=LX3285,LX3285,10 N 10,,,,CT,HARTFORD,GLASTONBURY (2018),41 42 14.     (N),072 35 29.     (W),41.7038888889,-72.5913888889,,NAD 83,(1986),,SCALED,20.403,NAVD 88,,ADJUSTED,-29.509,GEOID18,20.397,980309.8,,,,,,,,1,2,,,,CT,249100.,318000.,,,,,,,,B,UNK,1986,GOOD,NGS,,DD = SURVEY DISK,37 = SET IN A MASSIVE RETAINING WALL,10 N 10
,20260103,http://www.ngs.noaa.gov/cgi-bin/ds_mark.prl?PidBox=LX3087,LX3087,10 N 11,,,,CT,HARTFORD,MOODUS (2018),41 36 42.     (N),072 28 38.     (W),41.6116666667,-72.4772222222,,NAD 83,(1986),,SCALED,137.609,NAVD 88,,ADJUSTED,-29.682,GEOID18,137.562,980279.4,,,,,,,,1,2,,,,CT,238880.,327540.,,,,,,,,C,1938,1986,GOOD,NGS,,DD = SURVEY DISK,32 = SET IN A RETAINING WALL OR CONCRETE LEDGE,10 N 11
,20260103,http://www.ngs.noaa.gov/cgi-bin/ds_mark.prl?PidBox=LX3119,LX3119,10 N 14,,,,CT,TOLLAND,COLUMBIA (2018),41 42 56.21   (N),072 17 02.07   (W),41.7156138889,-72.2839083333,,NAD 83,(1986),,HD_HELD1,80.818,NAVD 88,,ADJUSTED,-29.820,GEOID18,80.790,980275.7,,,,,,,,1,2,,,,CT,250490.6,343587.5,,,,,,,,C,1938,20190808,GOOD,CTGS,Y,DB = BENCH MARK DISK,32 = SET IN A RETAINING WALL OR CONCRETE LEDGE,10 N 14
,20260103,http://www.ngs.noaa.gov/cgi-bin/ds_mark.prl?PidBox=LX0371,LX0371,10 T OF NH,,,,CT,NEW HAVEN,NEW HAVEN (2018),41 16 31.     (N),072 57 09.     (W),41.2752777778,-72.9525000000,,NAD 83,(1986),,SCALED,5.496,NAVD 88,,ADJUSTED,-29.793,GEOID18,5.495,980304.3,,,,,,,,1,1,,,,CT,201500.,287830.,,,,,,,,C,UNK,20200207,MARK NOT FOUND,CTDT,,DD = SURVEY DISK,7 = SET IN TOP OF CONCRETE MONUMENT,10
,20260103,http://www.ngs.noaa.gov/cgi-bin/ds_mark.prl?PidBox=LX2229,LX2229,100 W,,,,CT,MIDDLESEX,HADDAM (2018),41 28 43.     (N),072 30 51.     (W),41.4786111111,-72.5141666667,,NAD 83,(1986),,SCALED,26.446,NAVD 88,,ADJUSTED,-29.868,GEOID18,26.438,980295.4,,,,,,,,1,2,,,,CT,224090.,324500.,,,,,,,,C,1923,20190821,GOOD,CTDTGS,N,DD = SURVEY DISK,34 = SET IN THE FOOTINGS OF SMALL/MEDIUM STRUCTURES,100 W 1923 88
,20260103,http://www.ngs.noaa.gov/cgi-bin/ds_mark.prl?PidBox=LX0203,LX0203,101 W,,,,CT,MIDDLESEX,DEEP RIVER (2018),41 26 53.     (N),072 28 32.     (W),41.4480555556,-72.4755555556,,NAD 83,(1986),,SCALED,15.876,NAVD 88,,ADJUSTED,-29.968,GEOID18,15.870,980285.0,,,,,,,,1,2,,,,CT,220710.,327730.,,,,,,,,A,1923,20200201,GOOD,CTDT,N,DD = SURVEY DISK,66 = SET IN ROCK OUTCROP,101 W 1923 53
,20260103,http://www.ngs.noaa.gov/cgi-bin/ds_mark.prl?PidBox=LX2241,LX2241,103 W,,,,CT,MIDDLESEX,DEEP RIVER (2018),41 24 10.     (N),072 26 31.     (W),41.4027777778,-72.4419444444,,NAD 83,(1986),,SCALED,22.691,NAVD 88,,ADJUSTED,-30.111,GEOID18,22.683,980282.3,,,,,,,,1,2,,,,CT,215690.,330560.,,,,,,,,A,1923,20200201,GOOD,CTDT,Y,DB = BENCH MARK DISK,66 = SET IN ROCK OUTCROP,103 W 1923 75
,20260103,http://www.ngs.noaa.gov/cgi-bin/ds_mark.prl?PidBox=MZ1789,MZ1789,10359 AZ MK,,,,CT,HARTFORD,WEST SPRINGFIELD (2018),42 01 43.92250(N),072 43 30.05940(W),42.0288673611,-72.7250165000,,NAD 83,(1996),,ADJUSTED,79.4,NAVD 88,,VERTCON3,-28.958,GEOID18,,,,,,,,,2,,,,,,CT,285179.678,306869.618,+0 00 59.6,1.00001254,18,4655485.242,688328.757,+1 31 24.8,1.00003644,C,1980,1980,GOOD,MAGS,,DH = HORIZONTAL CONTROL DISK,7 = SET IN TOP OF CONCRETE MONUMENT,
,20260103,http://www.ngs.noaa.gov/cgi-bin/ds_mark.prl?PidBox=LX1921,LX1921,1042,,,,CT,LITCHFIELD,NEW MILFORD (2018),41 34 31.     (N),073 25 07.     (W),41.5752777778,-73.4186111111,,NAD 83,(1986),,SCALED,62.170,NAVD 88,,ADJUSTED,-29.871,GEOID18,62.150,980294.7,,,,,,,,1,2,,,,CT,235020.,249040.,,,,,,,,C,1936,1985,GOOD,NGS,,DD = SURVEY DISK,7 = SET IN TOP OF CONCRETE MONUMENT,1042
,20260103,http://www.ngs.noaa.gov/cgi-bin/ds_mark.prl?PidBox=LX2592,LX2592,1043,,,,CT,LITCHFIELD,NEW MILFORD (2018),41 34 37.1    (N),073 24 38.5    (W),41.5769722222,-73.4106944444,,NAD 83,(1986),,HD_HELD2,76.371,NAVD 88,,ADJUSTED,-29.850,GEOID18,76.345,980292.8,,,,,,,,1,2,,,,CT,235198.,249702.,,,,,,,,C,UNK,1985,GOOD,NGS,,DD = SURVEY DISK,7 = SET IN TOP OF CONCRETE MONUMENT,1043
,20260103,http://www.ngs.noaa.gov/cgi-bin/ds_mark.prl?PidBox=LX2594,LX2594,1044,,,,CT,LITCHFIELD,NEW MILFORD (2018),41 34 49.     (N),073 24 46.     (W),41.5802777778,-73.4127777778,,NAD 83,(1986),,SCALED,87.898,NAVD 88,,ADJUSTED,-29.858,GEOID18,87.869,980293.5,,,,,,,,1,2,,,,CT,235570.,249530.,,,,,,,,C,UNK,1985,GOOD,NGS,,DD = SURVEY DISK,7 = SET IN TOP OF CONCRETE MONUMENT,1044
,20260103,http://www.ngs.noaa.gov/cgi-bin/ds_mark.prl?PidBox=LX6985,LX6985,105,,,,CT,MIDDLESEX,MIDDLETOWN (2018),41 35 38.98439(N),072 38 25.44793(W),41.5941623306,-72.6404022028,,NAD 83,(1996),,NO CHECK,3.,NAVD 88,,SCALED,-29.570,GEOID18,,,,,,,,,3,,,,,,CT,236902.780,313938.187,+0 04 21.6,0.99998791,18,4607407.199,696659.730,+1 34 00.9,1.00007596,C,1935,1969,GOOD,CGS,,L = ABSOLUTE GRAVITY STATION PLUG,80 = SET IN A BOULDER,
,20260103,http://www.ngs.noaa.gov/cgi-bin/ds_mark.prl?PidBox=LX3083,LX3083,106 W,,,,CT,MIDDLESEX,MIDDLE HADDAM (2018),41 34 57.     (N),072 30 21.     (W),41.5825000000,-72.5058333333,,NAD 83,(1986),,SCALED,147.978,NAVD 88,,ADJUSTED,-29.691,GEOID18,147.927,980274.1,,,,,,,,1,2,,,,CT,235630.,325160.,,,,,,,,C,1923,20030606,MARK NOT FOUND,USPSQD,,DD = SURVEY DISK,35 = SET IN A MAT FOUNDATION OR CONCRETE SLAB OTHER THAN PAVEMENT,106 W 1923 487
,20260103,http://www.ngs.noaa.gov/cgi-bin/ds_mark.prl?PidBox=LX3090,LX3090,107 W RESET,,,,CT,HARTFORD,MARLBOROUGH (2018),41 37 52.     (N),072 27 35.     (W),41.6311111111,-72.4597222222,,NAD 83,(1986),,SCALED,154.654,NAVD 88,,ADJUSTED,-29.678,GEOID18,154.603,980286.1,,,,,,,,1,2,,,,CT,241040.,328990.,,,,,,,,B,1963,19940922,GOOD,USPSQD,,DD = SURVEY DISK,65 = SET IN UNSPECIFIED ROCK OR BOULDER,107 W 1923 RESET 1963 508
,20260103,http://www.ngs.noaa.gov/cgi-bin/ds_mark.prl?PidBox=LX3101,LX3101,108 W,,,,CT,TOLLAND,MARLBOROUGH (2018),41 38 49.     (N),072 24 11.     (W),41.6469444444,-72.4030555556,,NAD 83,(1986),,SCALED,112.571,NAVD 88,,ADJUSTED,-29.737,GEOID18,112.533,980276.9,,,,,,,,1,2,,,,CT,242820.,333700.,,,,,,,,A,1923,20020129,GOOD,USPSQD,N,DD = SURVEY DISK,66 = SET IN ROCK OUTCROP,108 W 1923 370
,20260103,http://www.ngs.noaa.gov/cgi-bin/ds_mark.prl?PidBox=LX2604,LX2604,1081,,,,CT,LITCHFIELD,NEW PRESTON (2018),41 39 37.     (N),073 22 27.     (W),41.6602777778,-73.3741666667,,NAD 83,(1986),,SCALED,152.005,NAVD 88,,ADJUSTED,-29.751,GEOID18,151.951,980267.2,,,,,,,,1,2,,,,CT,244430.,252820.,,,,,,,,C,UNK,20191017,MARK NOT FOUND,CTDTGS,,DD = SURVEY DISK,7 = SET IN TOP OF CONCRETE MONUMENT,1081
,20260103,http://www.ngs.noaa.gov/cgi-bin/ds_mark.prl?PidBox=LX2605,LX2605,1082,,,,CT,LITCHFIELD,NEW PRESTON (2018),41 39 47.23   (N),073 22 09.02   (W),41.6631194444,-73.3691722222,,NAD 83,(1986),,HD_HELD1,156.706,NAVD 88,,ADJUSTED,-29.734,GEOID18,156.650,980265.4,,,,,,,,1,2,,,,CT,244740.4,253233.2,,,,,,,,C,UNK,20200716,GOOD,CTDTGS,N,DD = SURVEY DISK,7 = SET IN TOP OF CONCRETE MONUMENT,1082
,20260103,http://www.ngs.noaa.gov/cgi-bin/ds_mark.prl?PidBox=LX2606,LX2606,1083,,,,CT,LITCHFIELD,NEW PRESTON (2018),41 40 15.     (N),073 21 26.     (W),41.6708333333,-73.3572222222,,NAD 83,(1986),,SCALED,185.988,NAVD 88,,ADJUSTED,-29.690,GEOID18,185.924,980273.5,,,,,,,,1,2,,,,CT,245590.,254230.,,,,,,,,C,UNK,1985,GOOD,NGS,,DD = SURVEY DISK,7 = SET IN TOP OF CONCRETE MONUMENT,1083
,20260103,http://www.ngs.noaa.gov/cgi-bin/ds_mark.prl?PidBox=LX0638,LX0638,1085,,,,CT,LITCHFIELD,LITCHFIELD (2018),41 44 47.94   (N),073 11 24.04   (W),41.7466500000,-73.1900111111,,NAD 83,(1986),,HD_HELD1,330.318,NAVD 88,,ADJUSTED,-29.212,GEOID18,330.204,980270.1,,,,,,,,1,2,,,,CT,253926.3,268201.6,,,,,,,,C,1923,20191011,GOOD,CTDTGS,N,DD = SURVEY DISK,35 = SET IN A MAT FOUNDATION OR CONCRETE SLAB OTHER THAN PAVEMENT,1085
,20260103,http://www.ngs.noaa.gov/cgi-bin/ds_mark.prl?PidBox=LX2557,LX2557,1086,,,,CT,LITCHFIELD,NEW PRESTON (2018),41 40 51.72   (N),073 20 04.29   (W),41.6810333333,-73.3345250000,,NAD 83,(1986),,HD_HELD1,202.029,NAVD 88,,ADJUSTED,-29.618,GEOID18,201.960,980275.6,,,,,,,,1,2,,,,CT,246709.9,256132.2,,,,,,,,C,UNK,20200103,GOOD,CTDTGS,Y,DD = SURVEY DISK,7 = SET IN TOP OF CONCRETE MONUMENT,1086
,20260103,http://www.ngs.noaa.gov/cgi-bin/ds_mark.prl?PidBox=LX2559,LX2559,1088,,,,CT,LITCHFIELD,NEW PRESTON (2018),41 39 21.     (N),073 19 05.     (W),41.6558333333,-73.3180555556,,NAD 83,(1986),,SCALED,156.475,NAVD 88,,ADJUSTED,-29.573,GEOID18,156.422,980281.8,,,,,,,,1,2,,,,CT,243900.,257490.,,,,,,,,C,UNK,1985,GOOD,NGS,,DD = SURVEY DISK,7 = SET IN TOP OF CONCRETE MONUMENT,1088
,20260103,http://www.ngs.noaa.gov/cgi-bin/ds_mark.prl?PidBox=LX2561,LX2561,1089 X,,,,CT,LITCHFIELD,NEW PRESTON (2018),41 38 32.     (N),073 19 01.     (W),41.6422222222,-73.3169444444,,NAD 83,(1986),,SCALED,153.320,NAVD 88,,ADJUSTED,-29.574,GEOID18,153.267,980278.2,,,,,,,,1,2,,,,CT,242390.,257570.,,,,,,,,C,UNK,1985,GOOD,NGS,,DD = SURVEY DISK,7 = SET IN TOP OF CONCRETE MONUMENT,1089 X
,20260103,http://www.ngs.noaa.gov/cgi-bin/ds_mark.prl?PidBox=LX2562,LX2562,1090 X,,,,CT,LITCHFIELD,NEW PRESTON (2018),41 38 26.     (N),073 19 08.     (W),41.6405555556,-73.3188888889,,NAD 83,(1986),,SCALED,145.826,NAVD 88,,ADJUSTED,-29.579,GEOID18,145.776,980277.9,,,,,,,,1,2,,,,CT,242210.,257400.,,,,,,,,C,UNK,1985,GOOD,NGS,,DD = SURVEY DISK,7 = SET IN TOP OF CONCRETE MONUMENT,1090 X
,20260103,http://www.ngs.noaa.gov/cgi-bin/ds_mark.prl?PidBox=LX1857,LX1857,11,,,,CT,FAIRFIELD,NORWALK SOUTH (2018),41 06 58.     (N),073 24 54.     (W),41.1161111111,-73.4150000000,,NAD 83,(1986),,SCALED,12.407,NAVD 88,,ADJUSTED,-30.075,GEOID18,12.403,980306.6,,,,,,,,1,2,,,,CT,184020.,248950.,,,,,,,,C,UNK,20221228,GOOD,RAS,Y,DD = SURVEY DISK,7 = SET IN TOP OF CONCRETE MONUMENT,11
,20260103,http://www.ngs.noaa.gov/cgi-bin/ds_mark.prl?PidBox=LX3709,LX3709,11,,,,CT,NEW HAVEN,MILFORD (2018),41 12 45.44314(N),073 02 52.30297(W),41.2126230944,-73.0478619361,,NAD 83,(1996),,ADJUSTED,3.,NAVD 88,,SCALED,-29.861,GEOID18,,,,,,,,,3,,,,,,CT,194566.165,279820.728,-0 11 51.0,1.00000301,18,4564197.906,663653.307,+1 17 11.3,0.99992962,D,1933,1961,MARK NOT FOUND,CGS,,I = METAL ROD,17 = SET INTO TOP OF METAL PIPE DRIVEN INTO GROUND,
,20260103,http://www.ngs.noaa.gov/cgi-bin/ds_mark.prl?PidBox=LX2710,LX2710,110 W,,,,CT,HARTFORD,AVON (2018),41 47 12.     (N),072 45 44.     (W),41.7866666667,-72.7622222222,,NAD 83,(1986),,SCALED,49.063,NAVD 88,,ADJUSTED,-29.160,GEOID18,49.049,980333.9,,,,,,,,1,2,,,,CT,258280.,303790.,,,,,,,,C,1923,19950809,GOOD,USPSQD,,DD = SURVEY DISK,32 = SET IN A RETAINING WALL OR CONCRETE LEDGE,110 W 1923
,20260103,http://www.ngs.noaa.gov/cgi-bin/ds_mark.prl?PidBox=LX2717,LX2717,111 W,,,,CT,HARTFORD,HARTFORD NORTH (2018),41 47 03.     (N),072 42 29.     (W),41.7841666667,-72.7080555556,,NAD 83,(1986),,SCALED,17.373,NAVD 88,,ADJUSTED,-29.263,GEOID18,17.368,980333.6,,,,,,,,1,2,,,,CT,258000.,308290.,,,,,,,,C,1923,1985,GOOD,NGS,,DD = SURVEY DISK,32 = SET IN A RETAINING WALL OR CONCRETE LEDGE,111 W 1923 58
,20260103,http://www.ngs.noaa.gov/cgi-bin/ds_mark.prl?PidBox=LX2406,LX2406,111 X,,,,CT,NEW HAVEN,WATERBURY (2018),41 32 20.     (N),073 05 46.     (W),41.5388888889,-73.0961111111,,NAD 83,(1986),,SCALED,142.016,NAVD 88,,ADJUSTED,-29.246,GEOID18,141.970,980297.8,,,,,,,,1,2,,,,CT,230820.,275920.,,,,,,,,C,1959,1985,GOOD,NGS,,DD = SURVEY DISK,7 = SET IN TOP OF CONCRETE MONUMENT,111 X
,20260103,http://www.ngs.noaa.gov/cgi-bin/ds_mark.prl?PidBox=LX2063,LX2063,1110,,,,CT,HARTFORD,BROAD BROOK (2018),41 59 14.     (N),072 32 42.     (W),41.9872222222,-72.5450000000,,NAD 83,(1986),,SCALED,54.724,NAVD 88,,ADJUSTED,-29.151,GEOID18,54.708,980325.1,,,,,,,,1,2,,,,CT,280570.,321790.,,,,,,,,C,UNK,1984,GOOD,NGS,,DD = SURVEY DISK,7 = SET IN TOP OF CONCRETE MONUMENT,1110
,20260103,http://www.ngs.noaa.gov/cgi-bin/ds_mark.prl?PidBox=LX2929,LX2929,1115,,,,CT,TOLLAND,ELLINGTON (2018),41 58 27.91   (N),072 26 37.31   (W),41.9744194444,-72.4436972222,,NAD 83,(1986),,HD_HELD1,85.155,NAVD 88,,ADJUSTED,-29.104,GEOID18,85.128,980309.4,,,,,,,,1,2,,,,CT,279176.6,330188.5,,,,,,,,C,1937,20190820,GOOD,CTDTGS,Y,DD = SURVEY DISK,7 = SET IN TOP OF CONCRETE MONUMENT,1115
,20260103,http://www.ngs.noaa.gov/cgi-bin/ds_mark.prl?PidBox=LX2930,LX2930,1116,,,,CT,TOLLAND,ELLINGTON (2018),41 58 12.     (N),072 26 35.     (W),41.9700000000,-72.4430555556,,NAD 83,(1986),,SCALED,87.480,NAVD 88,,ADJUSTED,-29.111,GEOID18,87.453,980308.0,,,,,,,,1,2,,,,CT,278690.,330240.,,,,,,,,C,1937,1986,GOOD,NGS,,DD = SURVEY DISK,7 = SET IN TOP OF CONCRETE MONUMENT,1116
,20260103,http://www.ngs.noaa.gov/cgi-bin/ds_mark.prl?PidBox=LX2934,LX2934,1117,,,,CT,TOLLAND,ELLINGTON (2018),41 56 23.     (N),072 27 03.     (W),41.9397222222,-72.4508333333,,NAD 83,(1986),,SCALED,81.835,NAVD 88,,ADJUSTED,-29.182,GEOID18,81.809,980304.8,,,,,,,,1,2,,,,CT,275320.,329610.,,,,,,,,C,1937,20200210,GOOD,CTGS,N,DD = SURVEY DISK,7 = SET IN TOP OF CONCRETE MONUMENT,1117
,20260103,http://www.ngs.noaa.gov/cgi-bin/ds_mark.prl?PidBox=LX2935,LX2935,1118,,,,CT,TOLLAND,ELLINGTON (2018),41 55 58.     (N),072 27 17.     (W),41.9327777778,-72.4547222222,,NAD 83,(1986),,SCALED,89.708,NAVD 88,,ADJUSTED,-29.203,GEOID18,89.680,980306.1,,,,,,,,1,2,,,,CT,274550.,329290.,,,,,,,,C,1937,20200210,GOOD,CTGS,N,DD = SURVEY DISK,7 = SET IN TOP OF CONCRETE MONUMENT,1118
,20260103,http://www.ngs.noaa.gov/cgi-bin/ds_mark.prl?PidBox=LX2244,LX2244,112 W,,,,CT,MIDDLESEX,DEEP RIVER (2018),41 23 06.     (N),072 26 09.     (W),41.3850000000,-72.4358333333,,NAD 83,(1986),,SCALED,16.047,NAVD 88,,ADJUSTED,-30.155,GEOID18,16.041,980283.6,,,,,,,,1,2,,,,CT,213720.,331080.,,,,,,,,A,1923,20060211,GOOD,USPSQD,Y,DD = SURVEY DISK,40 = SET IN A LARGE STRUCTURE WITH DEEP FOUNDATIONS,112 W 1923 54
,20260103,http://www.ngs.noaa.gov/cgi-bin/ds_mark.prl?PidBox=LX3184,LX3184,1121,,,,CT,TOLLAND,ELLINGTON (2018),41 54 37.     (N),072 29 09.     (W),41.9102777778,-72.4858333333,,NAD 83,(1986),,SCALED,70.085,NAVD 88,,ADJUSTED,-29.280,GEOID18,70.063,980308.7,,,,,,,,1,2,,,,CT,272040.,326720.,,,,,,,,C,1937,20190808,GOOD,CTGS,N,DD = SURVEY DISK,7 = SET IN TOP OF CONCRETE MONUMENT,1121
,20260103,http://www.ngs.noaa.gov/cgi-bin/ds_mark.prl?PidBox=LX3183,LX3183,1122 X,,,,CT,TOLLAND,ELLINGTON (2018),41 54 48.06   (N),072 29 21.36   (W),41.9133500000,-72.4892666667,,NAD 83,(1986),,HD_HELD1,63.678,NAVD 88,,ADJUSTED,-29.276,GEOID18,63.657,980308.9,,,,,,,,1,2,,,,CT,272381.0,326431.9,,,,,,,,C,1940,20191209,GOOD,CTDTGS,Y,DD = SURVEY DISK,7 = SET IN TOP OF CONCRETE MONUMENT,1122 X
,20260103,http://www.ngs.noaa.gov/cgi-bin/ds_mark.prl?PidBox=LX3180,LX3180,1123,,,,CT,HARTFORD,BROAD BROOK (2018),41 56 12.     (N),072 31 17.     (W),41.9366666667,-72.5213888889,,NAD 83,(1986),,SCALED,52.435,NAVD 88,,ADJUSTED,-29.241,GEOID18,52.419,980313.8,,,,,,,,1,2,,,,CT,274960.,323760.,,,,,,,,C,1937,20200422,GOOD,CTGS,N,DD = SURVEY DISK,7 = SET IN TOP OF CONCRETE MONUMENT,1123
,20260103,http://www.ngs.noaa.gov/cgi-bin/ds_mark.prl?PidBox=LX3176,LX3176,1125,,,,CT,HARTFORD,BROAD BROOK (2018),41 55 30.     (N),072 32 40.     (W),41.9250000000,-72.5444444444,,NAD 83,(1986),,SCALED,32.737,NAVD 88,,ADJUSTED,-29.257,GEOID18,32.727,980317.4,,,,,,,,1,2,,,,CT,273660.,321850.,,,,,,,,C,UNK,1986,GOOD,NGS,,DD = SURVEY DISK,7 = SET IN TOP OF CONCRETE MONUMENT,1125
,20260103,http://www.ngs.noaa.gov/cgi-bin/ds_mark.prl?PidBox=LX2251,LX2251,113 W,,,,CT,MIDDLESEX,ESSEX (2018),41 21 05.70   (N),072 24 51.02   (W),41.3515833333,-72.4141722222,,NAD 83,(1986),,HD_HELD1,16.112,NAVD 88,,ADJUSTED,-30.251,GEOID18,16.106,980287.3,,,,,,,,1,2,,,,CT,210010.5,332904.5,,,,,,,,A,1923,20190716,POOR,USPSQD,Y,DD = SURVEY DISK,66 = SET IN ROCK OUTCROP,113 W 1923 54
,20260103,http://www.ngs.noaa.gov/cgi-bin/ds_mark.prl?PidBox=MY5931,MY5931,11371,,,,CT,WINDHAM,OXFORD (2018),42 01 16.14130(N),071 51 35.92535(W),42.0211503611,-71.8599792639,,NAD 83,(1996),,ADJUSTED,187.2,NAVD 88,,VERTCON3,-29.267,GEOID18,,,,,,,,,2,,,,,,CT,284701.833,378515.201,+0 35 24.5,0.99999453,19,4656082.303,263211.397,-1 54 55.3,1.00028997,A,1982,19961001,MARK NOT FOUND,USPSQD,,R = RIVET,66 = SET IN ROCK OUTCROP,
,20260103,http://www.ngs.noaa.gov/cgi-bin/ds_mark.prl?PidBox=LX2896,LX2896,1139,,,,CT,HARTFORD,MANCHESTER (2018),41 49 34.     (N),072 33 13.     (W),41.8261111111,-72.5536111111,,NAD 83,(1986),,SCALED,33.413,NAVD 88,,ADJUSTED,-29.408,GEOID18,33.402,980309.6,,,,,,,,1,2,,,,CT,262680.,321120.,,,,,,,,C,UNK,1986,GOOD,NGS,,DD = SURVEY DISK,7 = SET IN TOP OF CONCRETE MONUMENT,1139
,20260103,http://www.ngs.noaa.gov/cgi-bin/ds_mark.prl?PidBox=LX2588,LX2588,114,,,,CT,LITCHFIELD,WOODBURY (2018),41 31 28.     (N),073 09 43.     (W),41.5244444444,-73.1619444444,,NAD 83,(1986),,SCALED,200.415,NAVD 88,,ADJUSTED,-29.338,GEOID18,200.349,980285.4,,,,,,,,1,2,,,,CT,229240.,270420.,,,,,,,,A,UNK,20200716,GOOD,CTDTGS,N,DD = SURVEY DISK,66 = SET IN ROCK OUTCROP,114
,20260103,http://www.ngs.noaa.gov/cgi-bin/ds_mark.prl?PidBox=LX6947,LX6947,114,,,,CT,MIDDLESEX,MIDDLETOWN (2018),41 35 07.36295(N),072 38 28.20210(W),41.5853785972,-72.6411672500,,NAD 83,(1996),,ADJUSTED,15.,NAVD 88,,SCALED,-29.579,GEOID18,,,,,,,,,3,,,,,,CT,235927.148,313875.630,+0 04 19.8,0.99998588,18,4606430.177,696622.630,+1 33 58.1,1.00007578,C,1935,1948,GOOD,CGS,,DS = TRIANGULATION STATION DISK,80 = SET IN A BOULDER,114
,20260103,http://www.ngs.noaa.gov/cgi-bin/ds_mark.prl?PidBox=LX2951,LX2951,1141 X,,,,CT,HARTFORD,MANCHESTER (2018),41 48 47.     (N),072 30 39.     (W),41.8130555556,-72.5108333333,,NAD 83,(1986),,SCALED,54.547,NAVD 88,,ADJUSTED,-29.442,GEOID18,54.530,980302.8,,,,,,,,1,2,,,,CT,261240.,324670.,,,,,,,,C,1937,1986,GOOD,NGS,,DD = SURVEY DISK,7 = SET IN TOP OF CONCRETE MONUMENT,1141 X
,20260103,http://www.ngs.noaa.gov/cgi-bin/ds_mark.prl?PidBox=LX2942,LX2942,1147,,,,CT,TOLLAND,ELLINGTON (2018),41 53 01.     (N),072 27 51.     (W),41.8836111111,-72.4641666667,,NAD 83,(1986),,SCALED,77.032,NAVD 88,,ADJUSTED,-29.316,GEOID18,77.008,980306.9,,,,,,,,1,2,,,,CT,269080.,328530.,,,,,,,,C,1937,19950826,GOOD,USPSQD,,DD = SURVEY DISK,7 = SET IN TOP OF CONCRETE MONUMENT,1147
,20260103,http://www.ngs.noaa.gov/cgi-bin/ds_mark.prl?PidBox=LX2941,LX2941,1148,,,,CT,TOLLAND,ELLINGTON (2018),41 53 17.     (N),072 27 50.     (W),41.8880555556,-72.4638888889,,NAD 83,(1986),,SCALED,76.093,NAVD 88,,ADJUSTED,-29.307,GEOID18,76.069,980306.4,,,,,,,,1,2,,,,CT,269580.,328550.,,,,,,,,C,1937,19950826,GOOD,USPSQD,,DD = SURVEY DISK,7 = SET IN TOP OF CONCRETE MONUMENT,1148
,20260103,http://www.ngs.noaa.gov/cgi-bin/ds_mark.prl?PidBox=LX0528,LX0528,1155,,,,CT,HARTFORD,WINDSOR LOCKS (2018),41 55 54.     (N),072 39 19.     (W),41.9316666667,-72.6552777778,,NAD 83,(1986),,SCALED,47.194,NAVD 88,,ADJUSTED,-29.142,GEOID18,47.180,980334.0,,,,,,,,2,0,,,,CT,274390.,312660.,,,,,,,,D,UNK,1962,GOOD,CGS,,DB = BENCH MARK DISK,9 = POST (STONE OR PRECAST CONCRETE),1155
,20260103,http://www.ngs.noaa.gov/cgi-bin/ds_mark.prl?PidBox=LX0529,LX0529,1156,,,,CT,HARTFORD,WINDSOR LOCKS (2018),41 55 55.     (N),072 39 59.     (W),41.9319444444,-72.6663888889,,NAD 83,(1986),,SCALED,49.869,NAVD 88,,ADJUSTED,-29.128,GEOID18,49.854,980334.7,,,,,,,,2,0,,,,CT,274420.,311740.,,,,,,,,D,1934,1962,GOOD,CGS,,DB = BENCH MARK DISK,9 = POST (STONE OR PRECAST CONCRETE),1156
,20260103,http://www.ngs.noaa.gov/cgi-bin/ds_mark.prl?PidBox=LX2042,LX2042,1159,,,,CT,HARTFORD,WINDSOR LOCKS (2018),41 58 33.     (N),072 43 04.     (W),41.9758333333,-72.7177777778,,NAD 83,(1986),,SCALED,53.133,NAVD 88,,ADJUSTED,-29.014,GEOID18,53.118,980335.6,,,,,,,,1,2,,,,CT,279290.,307470.,,,,,,,,C,UNK,20150901,MARK NOT FOUND,GEOCAC,,DD = SURVEY DISK,7 = SET IN TOP OF CONCRETE MONUMENT,1159
,20260103,http://www.ngs.noaa.gov/cgi-bin/ds_mark.prl?PidBox=LX3444,LX3444,116 W,,,,CT,NEW LONDON,OLD LYME (2018),41 20 56.8    (N),072 17 50.6    (W),41.3491111111,-72.2973888889,,NAD 83,(1986),,HD_HELD2,15.278,NAVD 88,,ADJUSTED,-30.401,GEOID18,15.272,980279.4,,,,,,,,1,2,,,,CT,209780.,342679.,,,,,,,,C,1923,20210713,GOOD,USPSQD,N,DD = SURVEY DISK,32 = SET IN A RETAINING WALL OR CONCRETE LEDGE,116 W 1923 51
,20260103,http://www.ngs.noaa.gov/cgi-bin/ds_mark.prl?PidBox=LX2043,LX2043,1160,,,,CT,HARTFORD,WINDSOR LOCKS (2018),41 58 27.     (N),072 42 32.     (W),41.9741666667,-72.7088888889,,NAD 83,(1986),,SCALED,62.478,NAVD 88,,ADJUSTED,-29.028,GEOID18,62.460,980336.2,,,,,,,,1,2,,,,CT,279100.,308210.,,,,,,,,C,UNK,1984,GOOD,NGS,,DD = SURVEY DISK,7 = SET IN TOP OF CONCRETE MONUMENT,1160
,20260103,http://www.ngs.noaa.gov/cgi-bin/ds_mark.prl?PidBox=LW1811,LW1811,1169,,,,CT,WINDHAM,ONECO (2018),41 40 15.13   (N),071 50 55.93   (W),41.6708694444,-71.8488694444,,NAD 83,(1986),,HD_HELD1,201.623,NAVD 88,,ADJUSTED,-30.137,GEOID18,201.549,980250.5,,,,,,,,1,2,,,,CT,245807.7,379841.0,,,,,,,,C,1937,20190821,GOOD,CTDTGS,Y,DD = SURVEY DISK,7 = SET IN TOP OF CONCRETE MONUMENT,1169
,20260103,http://www.ngs.noaa.gov/cgi-bin/ds_mark.prl?PidBox=LW1812,LW1812,1170,,,,CT,WINDHAM,ONECO (2018),41 40 11.     (N),071 50 53.     (W),41.6697222222,-71.8480555556,,NAD 83,(1986),,SCALED,203.500,NAVD 88,,ADJUSTED,-30.139,GEOID18,203.425,980250.3,,,,,,,,1,2,,,,CT,245680.,379910.,,,,,,,,C,1937,19961020,GOOD,USPSQD,,DD = SURVEY DISK,7 = SET IN TOP OF CONCRETE MONUMENT,1170
,20260103,http://www.ngs.noaa.gov/cgi-bin/ds_mark.prl?PidBox=LW1833,LW1833,1171,,,,CT,NEW LONDON,JEWETT CITY (2018),41 32 43.79   (N),071 52 59.29   (W),41.5454972222,-71.8831361111,,NAD 83,(1986),,HD_HELD1,86.400,NAVD 88,,ADJUSTED,-30.316,GEOID18,86.370,980268.1,,,,,,,,1,2,,,,CT,231854.9,377127.3,,,,,,,,C,1937,20190903,GOOD,CTGS,Y,DB = BENCH MARK DISK,7 = SET IN TOP OF CONCRETE MONUMENT,1171
,20260103,http://www.ngs.noaa.gov/cgi-bin/ds_mark.prl?PidBox=LX2729,LX2729,1173,,,,CT,NEW HAVEN,SOUTHINGTON (2018),41 31 18.     (N),072 53 49.     (W),41.5216666667,-72.8969444444,,NAD 83,(1986),,SCALED,62.540,NAVD 88,,ADJUSTED,-29.295,GEOID18,62.521,980315.2,,,,,,,,1,2,,,,CT,228860.,292540.,,,,,,,,C,1962,19910505,GOOD,USPSQD,,DD = SURVEY DISK,7 = SET IN TOP OF CONCRETE MONUMENT,1173
,20260103,http://www.ngs.noaa.gov/cgi-bin/ds_mark.prl?PidBox=LX2730,LX2730,1174 X,,,,CT,NEW HAVEN,SOUTHINGTON (2018),41 31 50.     (N),072 53 41.     (W),41.5305555556,-72.8947222222,,NAD 83,(1986),,SCALED,51.806,NAVD 88,,ADJUSTED,-29.288,GEOID18,51.790,980316.9,,,,,,,,1,2,,,,CT,229840.,292720.,,,,,,,,C,1973,19910505,GOOD,USPSQD,,DD = SURVEY DISK,7 = SET IN TOP OF CONCRETE MONUMENT,1174 X
,20260103,http://www.ngs.noaa.gov/cgi-bin/ds_mark.prl?PidBox=LX2731,LX2731,1175,,,,CT,NEW HAVEN,SOUTHINGTON (2018),41 32 16.     (N),072 53 36.     (W),41.5377777778,-72.8933333333,,NAD 83,(1986),,SCALED,65.652,NAVD 88,,ADJUSTED,-29.281,GEOID18,65.632,980318.1,,,,,,,,1,2,,,,CT,230650.,292840.,,,,,,,,C,1938,19910506,GOOD,USPSQD,,DD = SURVEY DISK,7 = SET IN TOP OF CONCRETE MONUMENT,1175
,20260103,http://www.ngs.noaa.gov/cgi-bin/ds_mark.prl?PidBox=LX2733,LX2733,1176 X,,,,CT,NEW HAVEN,SOUTHINGTON (2018),41 32 29.     (N),072 53 32.     (W),41.5413888889,-72.8922222222,,NAD 83,(1986),,SCALED,71.554,NAVD 88,,ADJUSTED,-29.279,GEOID18,71.532,980318.6,,,,,,,,1,2,,,,CT,231050.,292930.,,,,,,,,C,1973,1985,GOOD,NGS,,DD = SURVEY DISK,7 = SET IN TOP OF CONCRETE MONUMENT,1176 X
,20260103,http://www.ngs.noaa.gov/cgi-bin/ds_mark.prl?PidBox=LX2737,LX2737,1177,,,,CT,NEW HAVEN,SOUTHINGTON (2018),41 33 41.     (N),072 53 24.     (W),41.5613888889,-72.8900000000,,NAD 83,(1986),,SCALED,52.242,NAVD 88,,ADJUSTED,-29.257,GEOID18,52.226,980319.5,,,,,,,,1,2,,,,CT,233270.,293120.,,,,,,,,C,1938,20191218,GOOD,CTDTGS,N,DD = SURVEY DISK,7 = SET IN TOP OF CONCRETE MONUMENT,1177
,20260103,http://www.ngs.noaa.gov/cgi-bin/ds_mark.prl?PidBox=LX2426,LX2426,1178 X,,,,CT,HARTFORD,SOUTHINGTON (2018),41 33 54.     (N),072 53 20.     (W),41.5650000000,-72.8888888889,,NAD 83,(1986),,SCALED,39.410,NAVD 88,,ADJUSTED,-29.254,GEOID18,39.398,980319.5,,,,,,,,1,2,,,,CT,233670.,293220.,,,,,,,,C,1973,1985,GOOD,NGS,,DD = SURVEY DISK,7 = SET IN TOP OF CONCRETE MONUMENT,1178 X
,20260103,http://www.ngs.noaa.gov/cgi-bin/ds_mark.prl?PidBox=LX2424,LX2424,1179,,,,CT,HARTFORD,SOUTHINGTON (2018),41 33 53.     (N),072 53 44.     (W),41.5647222222,-72.8955555556,,NAD 83,(1986),,SCALED,43.362,NAVD 88,,ADJUSTED,-29.245,GEOID18,43.349,980320.4,,,,,,,,1,2,,,,CT,233640.,292660.,,,,,,,,C,1938,1985,GOOD,NGS,,DD = SURVEY DISK,7 = SET IN TOP OF CONCRETE MONUMENT,1179
,20260103,http://www.ngs.noaa.gov/cgi-bin/ds_mark.prl?PidBox=LX6986,LX6986,118,,,,CT,MIDDLESEX,MIDDLETOWN (2018),41 34 42.84393(N),072 38 35.60588(W),41.5785677583,-72.6432238556,,NAD 83,(1996),,ADJUSTED,14.,NAVD 88,,SCALED,-29.586,GEOID18,,,,,,,,,3,,,,,,CT,235170.500,313705.075,+0 04 14.9,0.99998594,18,4605669.270,696471.845,+1 33 52.4,1.00007505,,1935,1948,MARK NOT FOUND,CGS,,,,
,20260103,http://www.ngs.noaa.gov/cgi-bin/ds_mark.prl?PidBox=LX2806,LX2806,12,,,,CT,LITCHFIELD,THOMASTON (2018),41 40 26.     (N),073 03 40.     (W),41.6738888889,-73.0611111111,,NAD 83,(1986),,SCALED,157.665,NAVD 88,,ADJUSTED,-29.066,GEOID18,157.616,980306.6,,,,,,,,1,2,,,,CT,245800.,278890.,,,,,,,,C,UNK,1985,GOOD,NGS,,DD = SURVEY DISK,7 = SET IN TOP OF CONCRETE MONUMENT,12
,20260103,http://www.ngs.noaa.gov/cgi-bin/ds_mark.prl?PidBox=LX1158,LX1158,12,,,,CT,FAIRFIELD,STAMFORD (2018),41 02 13.     (N),073 37 02.     (W),41.0369444444,-73.6172222222,,NAD 83,(1986),,SCALED,39.982,NAVD 88,,ADJUSTED,-30.572,GEOID18,39.968,980279.9,,,,,,,,1,1,,,,CT,175380.,231880.,,,,,,,,C,UNK,1984,GOOD,USPSQD,,DD = SURVEY DISK,7 = SET IN TOP OF CONCRETE MONUMENT,12
,20260103,http://www.ngs.noaa.gov/cgi-bin/ds_mark.prl?PidBox=LX3106,LX3106,120 W RESET,,,,CT,TOLLAND,COLUMBIA (2018),41 39 30.     (N),072 21 59.     (W),41.6583333333,-72.3663888889,,NAD 83,(1986),,SCALED,166.487,NAVD 88,,ADJUSTED,-29.768,GEOID18,166.428,980267.9,,,,,,,,1,2,,,,CT,244100.,336750.,,,,,,,,C,1958,20011227,GOOD,USPSQD,,DD = SURVEY DISK,35 = SET IN A MAT FOUNDATION OR CONCRETE SLAB OTHER THAN PAVEMENT,120 W 1923 RESET 1958
,20260103,http://www.ngs.noaa.gov/cgi-bin/ds_mark.prl?PidBox=LX2020,LX2020,1200,,,,CT,LITCHFIELD,NEW HARTFORD (2018),41 56 23.     (N),072 55 09.     (W),41.9397222222,-72.9191666667,,NAD 83,(1986),,SCALED,307.121,NAVD 88,,ADJUSTED,-28.734,GEOID18,307.024,980299.2,,,,,,,,1,2,,,,CT,275290.,290770.,,,,,,,,C,UNK,1984,GOOD,NGS,,DD = SURVEY DISK,7 = SET IN TOP OF CONCRETE MONUMENT,1200
,20260103,http://www.ngs.noaa.gov/cgi-bin/ds_mark.prl?PidBox=LX3094,LX3094,1205,,,,CT,HARTFORD,MARLBOROUGH (2018),41 38 21.     (N),072 26 35.     (W),41.6391666667,-72.4430555556,,NAD 83,(1986),,SCALED,111.480,NAVD 88,,ADJUSTED,-29.691,GEOID18,111.443,980288.9,,,,,,,,1,2,,,,CT,241940.,330370.,,,,,,,,C,1936,20200204,GOOD,CTGS,Y,DD = SURVEY DISK,7 = SET IN TOP OF CONCRETE MONUMENT,1205
,20260103,http://www.ngs.noaa.gov/cgi-bin/ds_mark.prl?PidBox=LX3096,LX3096,1206,,,,CT,HARTFORD,MARLBOROUGH (2018),41 38 34.     (N),072 26 16.     (W),41.6427777778,-72.4377777778,,NAD 83,(1986),,SCALED,91.762,NAVD 88,,ADJUSTED,-29.693,GEOID18,91.731,980289.5,,,,,,,,1,2,,,,CT,242340.,330810.,,,,,,,,C,1936,19940922,GOOD,USPSQD,,DD = SURVEY DISK,7 = SET IN TOP OF CONCRETE MONUMENT,1206
,20260103,http://www.ngs.noaa.gov/cgi-bin/ds_mark.prl?PidBox=LX3097,LX3097,1207,,,,CT,TOLLAND,MARLBOROUGH (2018),41 38 52.65   (N),072 25 09.47   (W),41.6479583333,-72.4192972222,,NAD 83,(1986),,HD_HELD1,129.910,NAVD 88,,ADJUSTED,-29.711,GEOID18,129.866,980281.7,,,,,,,,1,2,,,,CT,242924.5,332349.6,,,,,,,,C,1963,20210729,GOOD,CTGS,Y,DD = SURVEY DISK,7 = SET IN TOP OF CONCRETE MONUMENT,1207
,20260103,http://www.ngs.noaa.gov/cgi-bin/ds_mark.prl?PidBox=LX3098,LX3098,1208,,,,CT,TOLLAND,MARLBOROUGH (2018),41 38 48.     (N),072 24 45.     (W),41.6466666667,-72.4125000000,,NAD 83,(1986),,SCALED,142.413,NAVD 88,,ADJUSTED,-29.723,GEOID18,142.365,980279.7,,,,,,,,1,2,,,,CT,242780.,332920.,,,,,,,,C,1937,20020103,GOOD,USPSQD,N,DD = SURVEY DISK,80 = SET IN A BOULDER,1208
,20260103,http://www.ngs.noaa.gov/cgi-bin/ds_mark.prl?PidBox=LX3115,LX3115,121 W,,,,CT,TOLLAND,COLUMBIA (2018),41 42 01.     (N),072 18 15.     (W),41.7002777778,-72.3041666667,,NAD 83,(1986),,SCALED,143.962,NAVD 88,,ADJUSTED,-29.805,GEOID18,143.911,980269.7,,,,,,,,1,2,,,,CT,248780.,341910.,,,,,,,,A,1923,1986,GOOD,NGS,,DD = SURVEY DISK,66 = SET IN ROCK OUTCROP,121 W 1923 473
,20260103,http://www.ngs.noaa.gov/cgi-bin/ds_mark.prl?PidBox=LX3111,LX3111,1212 X,,,,CT,TOLLAND,COLUMBIA (2018),41 40 37.     (N),072 20 17.     (W),41.6769444444,-72.3380555556,,NAD 83,(1986),,SCALED,221.166,NAVD 88,,ADJUSTED,-29.776,GEOID18,221.089,980265.4,,,,,,,,1,2,,,,CT,246170.,339100.,,,,,,,,C,1952,1986,GOOD,NGS,,DD = SURVEY DISK,7 = SET IN TOP OF CONCRETE MONUMENT,1212 X
,20260103,http://www.ngs.noaa.gov/cgi-bin/ds_mark.prl?PidBox=LX2155,LX2155,1217 X,,,,CT,TOLLAND,COLUMBIA (2018),41 44 19.     (N),072 22 03.     (W),41.7386111111,-72.3675000000,,NAD 83,(1986),,SCALED,103.358,NAVD 88,,ADJUSTED,-29.654,GEOID18,103.322,980275.8,,,,,,,,1,2,,,,CT,253010.,336620.,,,,,,,,D,UNK,20020129,MARK NOT FOUND,USPSQD,,DD = SURVEY DISK,31 = SET IN A PAVEMENT SUCH AS STREET SIDEWALK CURB ETC.,1217 X
,20260103,http://www.ngs.noaa.gov/cgi-bin/ds_mark.prl?PidBox=LX2157,LX2157,1218,,,,CT,TOLLAND,COLUMBIA (2018),41 44 19.     (N),072 22 22.     (W),41.7386111111,-72.3727777778,,NAD 83,(1986),,SCALED,100.913,NAVD 88,,ADJUSTED,-29.647,GEOID18,100.878,980277.5,,,,,,,,1,2,,,,CT,253010.,336180.,,,,,,,,C,UNK,20020129,GOOD,USPSQD,Y,DD = SURVEY DISK,7 = SET IN TOP OF CONCRETE MONUMENT,1218
,20260103,http://www.ngs.noaa.gov/cgi-bin/ds_mark.prl?PidBox=LX2161,LX2161,1220 X,,,,CT,TOLLAND,ROCKVILLE (2018),41 45 48.     (N),072 24 20.     (W),41.7633333333,-72.4055555556,,NAD 83,(1986),,SCALED,109.488,NAVD 88,,ADJUSTED,-29.561,GEOID18,109.450,980278.2,,,,,,,,1,2,,,,CT,255740.,333440.,,,,,,,,C,UNK,1984,GOOD,NGS,,DD = SURVEY DISK,7 = SET IN TOP OF CONCRETE MONUMENT,1220 X
,20260103,http://www.ngs.noaa.gov/cgi-bin/ds_mark.prl?PidBox=LX2167,LX2167,1223,,,,CT,TOLLAND,ROCKVILLE (2018),41 47 04.49   (N),072 27 37.53   (W),41.7845805556,-72.4604250000,,NAD 83,(1986),,HD_HELD1,191.953,NAVD 88,,ADJUSTED,-29.472,GEOID18,191.889,980285.8,,,,,,,,1,2,,,,CT,258086.3,328872.6,,,,,,,,C,UNK,20230105,GOOD,CTGS,Y,DD = SURVEY DISK,7 = SET IN TOP OF CONCRETE MONUMENT,1223
,20260103,http://www.ngs.noaa.gov/cgi-bin/ds_mark.prl?PidBox=LX2168,LX2168,1224,,,,CT,TOLLAND,ROCKVILLE (2018),41 47 01.     (N),072 27 58.     (W),41.7836111111,-72.4661111111,,NAD 83,(1986),,SCALED,162.494,NAVD 88,,ADJUSTED,-29.473,GEOID18,162.440,980287.6,,,,,,,,1,2,,,,CT,257980.,328400.,,,,,,,,C,UNK,1984,GOOD,NGS,,DD = SURVEY DISK,7 = SET IN TOP OF CONCRETE MONUMENT,1224
,20260103,http://www.ngs.noaa.gov/cgi-bin/ds_mark.prl?PidBox=LX2171,LX2171,1225 X,,,,CT,HARTFORD,ROCKVILLE (2018),41 47 07.     (N),072 29 41.     (W),41.7852777778,-72.4947222222,,NAD 83,(1986),,SCALED,108.609,NAVD 88,,ADJUSTED,-29.476,GEOID18,108.574,980298.2,,,,,,,,1,2,,,,CT,258160.,326020.,,,,,,,,C,UNK,1984,GOOD,NGS,,DD = SURVEY DISK,7 = SET IN TOP OF CONCRETE MONUMENT,1225 X
,20260103,http://www.ngs.noaa.gov/cgi-bin/ds_mark.prl?PidBox=LX2953,LX2953,1228 X,,,,CT,HARTFORD,MANCHESTER (2018),41 48 12.     (N),072 31 05.     (W),41.8033333333,-72.5180555556,,NAD 83,(1986),,SCALED,62.683,NAVD 88,,ADJUSTED,-29.454,GEOID18,62.663,980303.1,,,,,,,,1,2,,,,CT,260160.,324080.,,,,,,,,C,1971,1986,GOOD,NGS,,DD = SURVEY DISK,7 = SET IN TOP OF CONCRETE MONUMENT,1228 X
,20260103,http://www.ngs.noaa.gov/cgi-bin/ds_mark.prl?PidBox=LX2960,LX2960,1231,,,,CT,TOLLAND,ROCKVILLE (2018),41 47 53.     (N),072 22 34.     (W),41.7980555556,-72.3761111111,,NAD 83,(1986),,SCALED,189.628,NAVD 88,,ADJUSTED,-29.507,GEOID18,189.561,980266.6,,,,,,,,1,2,,,,CT,259610.,335880.,,,,,,,,C,1938,1986,GOOD,NGS,,DD = SURVEY DISK,7 = SET IN TOP OF CONCRETE MONUMENT,1231
,20260103,http://www.ngs.noaa.gov/cgi-bin/ds_mark.prl?PidBox=LX2964,LX2964,1233,,,,CT,TOLLAND,COVENTRY (2018),41 47 52.     (N),072 20 14.     (W),41.7977777778,-72.3372222222,,NAD 83,(1986),,SCALED,173.914,NAVD 88,,ADJUSTED,-29.547,GEOID18,173.853,980270.3,,,,,,,,1,2,,,,CT,259590.,339110.,,,,,,,,C,1938,1986,GOOD,NGS,,DD = SURVEY DISK,7 = SET IN TOP OF CONCRETE MONUMENT,1233
,20260103,http://www.ngs.noaa.gov/cgi-bin/ds_mark.prl?PidBox=LX2965,LX2965,1234,,,,CT,TOLLAND,COVENTRY (2018),41 47 51.     (N),072 19 58.     (W),41.7975000000,-72.3327777778,,NAD 83,(1986),,SCALED,168.841,NAVD 88,,ADJUSTED,-29.552,GEOID18,168.782,980270.3,,,,,,,,1,2,,,,CT,259570.,339480.,,,,,,,,A,1938,1986,GOOD,NGS,,DD = SURVEY DISK,66 = SET IN ROCK OUTCROP,1234
,20260103,http://www.ngs.noaa.gov/cgi-bin/ds_mark.prl?PidBox=LX3021,LX3021,1239,,,,CT,TOLLAND,STAFFORD SPRINGS (2018),41 52 56.     (N),072 18 05.     (W),41.8822222222,-72.3013888889,,NAD 83,(1986),,SCALED,124.164,NAVD 88,,ADJUSTED,-29.270,GEOID18,124.123,980294.6,,,,,,,,1,2,,,,CT,268990.,342040.,,,,,,,,C,UNK,20050409,POOR,GEOCAC,,DD = SURVEY DISK,7 = SET IN TOP OF CONCRETE MONUMENT,1239
,20260103,http://www.ngs.noaa.gov/cgi-bin/ds_mark.prl?PidBox=LX2915,LX2915,1244,,,,CT,TOLLAND,COVENTRY (2018),41 52 15.     (N),072 22 13.     (W),41.8708333333,-72.3702777778,,NAD 83,(1986),,SCALED,203.225,NAVD 88,,ADJUSTED,-29.292,GEOID18,203.157,980282.6,,,,,,,,1,2,,,,CT,267700.,336320.,,,,,,,,C,1967,19950826,POOR,USPSQD,,DD = SURVEY DISK,7 = SET IN TOP OF CONCRETE MONUMENT,1244
,20260103,http://www.ngs.noaa.gov/cgi-bin/ds_mark.prl?PidBox=LX3018,LX3018,1249 X,,,,CT,TOLLAND,STAFFORD SPRINGS (2018),41 54 19.0    (N),072 17 15.5    (W),41.9052777778,-72.2876388889,,NAD 83,(1986),,HD_HELD2,132.832,NAVD 88,,ADJUSTED,-29.175,GEOID18,132.789,980293.3,,,,,,,,1,2,,,,CT,271554.,343164.,,,,,,,,C,UNK,20050409,GOOD,GEOCAC,N,DD = SURVEY DISK,7 = SET IN TOP OF CONCRETE MONUMENT,1249X
,20260103,http://www.ngs.noaa.gov/cgi-bin/ds_mark.prl?PidBox=LX3413,LX3413,125 W,,,,CT,NEW LONDON,UNCASVILLE (2018),41 23 31.     (N),072 06 32.     (W),41.3919444444,-72.1088888889,,NAD 83,(1986),,SCALED,30.943,NAVD 88,,ADJUSTED,-30.494,GEOID18,30.932,980275.2,,,,,,,,1,2,,,,CT,214640.,358420.,,,,,,,,A,1923,1989,GOOD,USPSQD,,DD = SURVEY DISK,66 = SET IN ROCK OUTCROP,125 W 103 1923
,20260103,http://www.ngs.noaa.gov/cgi-bin/ds_mark.prl?PidBox=LX3017,LX3017,1250,,,,CT,TOLLAND,STAFFORD SPRINGS (2018),41 54 32.43   (N),072 17 25.57   (W),41.9090083333,-72.2904361111,,NAD 83,(1986),,HD_HELD1,135.276,NAVD 88,,ADJUSTED,-29.159,GEOID18,135.232,980294.4,,,,,,,,1,2,,,,CT,271967.5,342930.0,,,,,,,,C,UNK,20020802,POOR,GEOCAC,,DD = SURVEY DISK,7 = SET IN TOP OF CONCRETE MONUMENT,1250
,20260103,http://www.ngs.noaa.gov/cgi-bin/ds_mark.prl?PidBox=LX3013,LX3013,1252,,,,CT,TOLLAND,STAFFORD SPRINGS (2018),41 56 35.     (N),072 18 23.     (W),41.9430555556,-72.3063888889,,NAD 83,(1986),,SCALED,137.785,NAVD 88,,ADJUSTED,-29.029,GEOID18,137.741,980302.6,,,,,,,,1,2,,,,CT,275740.,341590.,,,,,,,,C,UNK,20050409,GOOD,GEOCAC,N,DD = SURVEY DISK,7 = SET IN TOP OF CONCRETE MONUMENT,1252
,20260103,http://www.ngs.noaa.gov/cgi-bin/ds_mark.prl?PidBox=LX2857,LX2857,126,,,,CT,NEW HAVEN,MOUNT CARMEL (2018),41 24 18.50   (N),072 53 55.19   (W),41.4051388889,-72.8986638889,,NAD 83,(1986),,HD_HELD1,30.497,NAVD 88,,ADJUSTED,-29.499,GEOID18,30.487,980309.3,,,,,,,,1,2,,,,CT,215914.4,292369.8,,,,,,,,C,1940,20240312,POOR,CTGS,Y,DB = BENCH MARK DISK,7 = SET IN TOP OF CONCRETE MONUMENT,126
,20260103,http://www.ngs.noaa.gov/cgi-bin/ds_mark.prl?PidBox=LX7091,LX7091,126,,,,CT,HARTFORD,HARTFORD SOUTH (2018),41 39 37.28904(N),072 40 59.43077(W),41.6603580667,-72.6831752139,,NAD 83,(1996),,ADJUSTED,65.4,NAVD 88,,VERTCON3,-29.428,GEOID18,,,,,,,,,2,,,,,,CT,244251.123,310366.357,+0 02 39.5,0.99997994,18,4614660.434,692897.061,+1 32 25.8,1.00005791,D,1978,1978,MONUMENTED,CTGS,,Z = SEE DESCRIPTION,0 = UNSPECIFIED SETTING,
,20260103,http://www.ngs.noaa.gov/cgi-bin/ds_mark.prl?PidBox=LX2889,LX2889,1266 X,,,,CT,HARTFORD,HARTFORD NORTH (2018),41 47 05.     (N),072 37 58.     (W),41.7847222222,-72.6327777778,,NAD 83,(1986),,SCALED,17.173,NAVD 88,,ADJUSTED,-29.381,GEOID18,17.168,980327.9,,,,,,,,1,2,,,,CT,258070.,314550.,,,,,,,,C,1961,1986,GOOD,NGS,,DD = SURVEY DISK,7 = SET IN TOP OF CONCRETE MONUMENT,1266 X
,20260103,http://www.ngs.noaa.gov/cgi-bin/ds_mark.prl?PidBox=LX7090,LX7090,127,,,,CT,HARTFORD,HARTFORD SOUTH (2018),41 39 39.18692(N),072 40 47.74657(W),41.6608852556,-72.6799296028,,NAD 83,(1996),,ADJUSTED,59.8,NAVD 88,,VERTCON3,-29.432,GEOID18,,,,,,,,,2,,,,,,CT,244309.889,310636.632,+0 02 47.3,0.99998084,18,4614726.243,693165.729,+1 32 33.6,1.00005919,D,1978,1978,MONUMENTED,CTGS,,Z = SEE DESCRIPTION,0 = UNSPECIFIED SETTING,
,20260103,http://www.ngs.noaa.gov/cgi-bin/ds_mark.prl?PidBox=LX2074,LX2074,1274,,,,CT,TOLLAND,ELLINGTON (2018),41 58 59.     (N),072 25 11.     (W),41.9830555556,-72.4197222222,,NAD 83,(1986),,SCALED,150.074,NAVD 88,,ADJUSTED,-29.037,GEOID18,150.027,980309.5,,,,,,,,1,2,,,,CT,280140.,332170.,,,,,,,,C,1938,1984,GOOD,NGS,,DD = SURVEY DISK,7 = SET IN TOP OF CONCRETE MONUMENT,1274
,20260103,http://www.ngs.noaa.gov/cgi-bin/ds_mark.prl?PidBox=LX3130,LX3130,1287,,,,CT,HARTFORD,GLASTONBURY (2018),41 40 04.     (N),072 36 06.     (W),41.6677777778,-72.6016666667,,NAD 83,(1986),,SCALED,22.251,NAVD 88,,ADJUSTED,-29.524,GEOID18,22.244,980310.4,,,,,,,,1,2,,,,CT,245080.,317150.,,,,,,,,C,UNK,20190927,GOOD,CTDTGS,N,DD = SURVEY DISK,7 = SET IN TOP OF CONCRETE MONUMENT,1287
,20260103,http://www.ngs.noaa.gov/cgi-bin/ds_mark.prl?PidBox=LX3129,LX3129,1288,,,,CT,HARTFORD,GLASTONBURY (2018),41 39 56.06   (N),072 36 12.72   (W),41.6655722222,-72.6035333333,,NAD 83,(1986),,HD_HELD1,10.983,NAVD 88,,ADJUSTED,-29.524,GEOID18,10.979,980311.2,,,,,,,,1,2,,,,CT,244838.4,316998.6,,,,,,,,C,UNK,20191211,GOOD,CTDTGS,Y,DD = SURVEY DISK,7 = SET IN TOP OF CONCRETE MONUMENT,1288
,20260103,http://www.ngs.noaa.gov/cgi-bin/ds_mark.prl?PidBox=LX3125,LX3125,1289,,,,CT,HARTFORD,GLASTONBURY (2018),41 38 42.     (N),072 36 20.     (W),41.6450000000,-72.6055555556,,NAD 83,(1986),,SCALED,54.800,NAVD 88,,ADJUSTED,-29.536,GEOID18,54.782,980310.1,,,,,,,,1,2,,,,CT,242550.,316830.,,,,,,,,C,UNK,1986,GOOD,NGS,,DD = SURVEY DISK,7 = SET IN TOP OF CONCRETE MONUMENT,1289
,20260103,http://www.ngs.noaa.gov/cgi-bin/ds_mark.prl?PidBox=LX3124,LX3124,1290 X,,,,CT,HARTFORD,GLASTONBURY (2018),41 38 23.     (N),072 36 22.     (W),41.6397222222,-72.6061111111,,NAD 83,(1986),,SCALED,55.685,NAVD 88,,ADJUSTED,-29.541,GEOID18,55.667,980310.1,,,,,,,,1,2,,,,CT,241970.,316790.,,,,,,,,C,UNK,1986,GOOD,NGS,,DD = SURVEY DISK,7 = SET IN TOP OF CONCRETE MONUMENT,1290 X
,20260103,http://www.ngs.noaa.gov/cgi-bin/ds_mark.prl?PidBox=LX3086,LX3086,1293,,,,CT,MIDDLESEX,MOODUS (2018),41 36 25.     (N),072 28 57.     (W),41.6069444444,-72.4825000000,,NAD 83,(1986),,SCALED,167.977,NAVD 88,,ADJUSTED,-29.681,GEOID18,167.920,980278.3,,,,,,,,1,2,,,,CT,238350.,327100.,,,,,,,,C,1937,20200201,GOOD,CTDT,N,DD = SURVEY DISK,7 = SET IN TOP OF CONCRETE MONUMENT,1293
,20260103,http://www.ngs.noaa.gov/cgi-bin/ds_mark.prl?PidBox=LX3710,LX3710,13,,,,CT,NEW HAVEN,MILFORD (2018),41 12 37.88308(N),073 02 48.05304(W),41.2105230778,-73.0466814000,,NAD 83,(1996),,ADJUSTED,1.,NAVD 88,,SCALED,-29.869,GEOID18,,,,,,,,,3,,,,,,CT,194332.602,279918.932,-0 11 48.2,1.00000353,18,4563966.981,663757.518,+1 17 13.9,0.99993004,B,1933,1964,MARK NOT FOUND,CGS,,H = DRILL HOLE,36 = SET IN A MASSIVE STRUCTURE,
,20260103,http://www.ngs.noaa.gov/cgi-bin/ds_mark.prl?PidBox=LX0901,LX0901,13 RM 1,,,,CT,NEW HAVEN,MILFORD (2018),41 12 38.36   (N),073 02 48.16   (W),41.2106555556,-73.0467111111,,NAD 83,(1986),,HD_HELD1,2.196,NAVD 88,,ADJUSTED,-29.869,GEOID18,2.195,980308.9,,,,,,,,1,1,,,,CT,194347.3,279916.5,,,,,,,,B,1933,20060328,GOOD,USPSQD,Y,DR = REFERENCE MARK DISK,36 = SET IN A MASSIVE STRUCTURE,USE 13 NO 1
,20260103,http://www.ngs.noaa.gov/cgi-bin/ds_mark.prl?PidBox=LX2473,LX2473,13 T OF THOMASTON,,,,CT,LITCHFIELD,THOMASTON (2018),41 40 24.     (N),073 04 29.     (W),41.6733333333,-73.0747222222,,NAD 83,(1986),,SCALED,118.930,NAVD 88,,ADJUSTED,-29.088,GEOID18,118.893,980311.2,,,,,,,,1,2,,,,CT,245740.,277760.,,,,,,,,C,UNK,1985,GOOD,NGS,,DD = SURVEY DISK,7 = SET IN TOP OF CONCRETE MONUMENT,13
,20260103,http://www.ngs.noaa.gov/cgi-bin/ds_mark.prl?PidBox=LX0025,LX0025,130 W,,,,CT,NEW LONDON,NORWICH (2018),41 31 34.     (N),072 04 34.     (W),41.5261111111,-72.0761111111,,NAD 83,(1986),,SCALED,12.082,NAVD 88,,ADJUSTED,-30.303,GEOID18,12.078,980283.1,,,,,,,,1,2,,,,CT,229560.,361040.,,,,,,,,C,1923,20060424,GOOD,USPSQD,,DB = BENCH MARK DISK,35 = SET IN A MAT FOUNDATION OR CONCRETE SLAB OTHER THAN PAVEMENT,130 W 1923 41
,20260103,http://www.ngs.noaa.gov/cgi-bin/ds_mark.prl?PidBox=LX3057,LX3057,1302,,,,CT,WINDHAM,SCOTLAND (2018),41 42 02.     (N),072 03 23.     (W),41.7005555556,-72.0563888889,,NAD 83,(1986),,SCALED,107.340,NAVD 88,,ADJUSTED,-30.006,GEOID18,107.303,980272.1,,,,,,,,1,2,,,,CT,248950.,362530.,,,,,,,,C,1936,20190813,GOOD,CTDTGS,N,DD = SURVEY DISK,7 = SET IN TOP OF CONCRETE MONUMENT,1302
,20260103,http://www.ngs.noaa.gov/cgi-bin/ds_mark.prl?PidBox=LX3062,LX3062,1303,,,,CT,WINDHAM,SCOTLAND (2018),41 42 25.     (N),072 00 59.     (W),41.7069444444,-72.0163888889,,NAD 83,(1986),,SCALED,136.355,NAVD 88,,ADJUSTED,-30.006,GEOID18,136.306,980265.0,,,,,,,,1,2,,,,CT,249680.,365860.,,,,,,,,C,1936,1986,GOOD,NGS,,DD = SURVEY DISK,7 = SET IN TOP OF CONCRETE MONUMENT,1303
,20260103,http://www.ngs.noaa.gov/cgi-bin/ds_mark.prl?PidBox=LX3063,LX3063,1304,,,,CT,WINDHAM,SCOTLAND (2018),41 42 18.01   (N),072 00 39.21   (W),41.7050027778,-72.0108916667,,NAD 83,(1986),,HD_HELD1,132.623,NAVD 88,,ADJUSTED,-30.013,GEOID18,132.576,980267.1,,,,,,,,1,2,,,,CT,249470.6,366316.8,,,,,,,,C,1936,20211222,GOOD,CTGS,Y,DD = SURVEY DISK,7 = SET IN TOP OF CONCRETE MONUMENT,1304
,20260103,http://www.ngs.noaa.gov/cgi-bin/ds_mark.prl?PidBox=LX0363,LX0363,131,,,,CT,NEW HAVEN,NEW HAVEN (2018),41 16 22.     (N),072 59 38.     (W),41.2727777778,-72.9938888889,,NAD 83,(1986),,SCALED,41.643,NAVD 88,,ADJUSTED,-29.730,GEOID18,41.630,980307.0,,,,,,,,1,1,,,,CT,201230.,284370.,,,,,,,,C,UNK,20200207,MARK NOT FOUND,CTDT,,DD = SURVEY DISK,7 = SET IN TOP OF CONCRETE MONUMENT,
,20260103,http://www.ngs.noaa.gov/cgi-bin/ds_mark.prl?PidBox=LW1710,LW1710,1310 CTGS,,,,CT,WINDHAM,PLAINFIELD (2018),41 38 33.     (N),071 56 38.     (W),41.6425000000,-71.9438888889,,NAD 83,(1986),,SCALED,50.191,NAVD 88,,ADJUSTED,-30.183,GEOID18,50.174,980272.1,,,,,,,,1,2,,,,CT,242580.,371960.,,,,,,,,C,UNK,19961001,GOOD,USPSQD,,DD = SURVEY DISK,7 = SET IN TOP OF CONCRETE MONUMENT,1310
,20260103,http://www.ngs.noaa.gov/cgi-bin/ds_mark.prl?PidBox=LW1712,LW1712,1311,,,,CT,NEW LONDON,PLAINFIELD (2018),41 37 36.     (N),071 58 06.     (W),41.6266666667,-71.9683333333,,NAD 83,(1986),,SCALED,36.037,NAVD 88,,ADJUSTED,-30.187,GEOID18,36.025,980278.2,,,,,,,,1,2,,,,CT,240800.,369940.,,,,,,,,C,UNK,19901006,GOOD,USPSQD,,DD = SURVEY DISK,7 = SET IN TOP OF CONCRETE MONUMENT,1311
,20260103,http://www.ngs.noaa.gov/cgi-bin/ds_mark.prl?PidBox=LW1745,LW1745,1312 CTGS,,,,CT,NEW LONDON,ASHAWAY (2018),41 24 47.     (N),071 51 21.     (W),41.4130555556,-71.8558333333,,NAD 83,(1986),,SCALED,32.191,NAVD 88,,ADJUSTED,-30.507,GEOID18,32.180,980275.7,,,,,,,,1,2,,,,CT,217170.,379560.,,,,,,,,A,UNK,20211004,GOOD,CTGS,Y,DD = SURVEY DISK,66 = SET IN ROCK OUTCROP,1312
,20260103,http://www.ngs.noaa.gov/cgi-bin/ds_mark.prl?PidBox=LX3424,LX3424,1323,,,,CT,NEW LONDON,NEW LONDON (2018),41 21 36.     (N),072 01 40.     (W),41.3600000000,-72.0277777778,,NAD 83,(1986),,SCALED,8.559,NAVD 88,,ADJUSTED,-30.597,GEOID18,8.556,980276.4,,,,,,,,1,2,,,,CT,211140.,365230.,,,,,,,,C,1979,20240624,GOOD,CTGS,Y,DD = SURVEY DISK,32 = SET IN A RETAINING WALL OR CONCRETE LEDGE,1323
,20260103,http://www.ngs.noaa.gov/cgi-bin/ds_mark.prl?PidBox=LX3046,LX3046,1326,,,,CT,WINDHAM,WILLIMANTIC (2018),41 42 00.71   (N),072 09 03.84   (W),41.7001972222,-72.1510666667,,NAD 83,(1986),,HD_HELD1,106.798,NAVD 88,,ADJUSTED,-29.982,GEOID18,106.761,980276.4,,,,,,,,1,2,,,,CT,248846.5,354653.9,,,,,,,,C,UNK,19961020,GOOD,USPSQD,,DD = SURVEY DISK,7 = SET IN TOP OF CONCRETE MONUMENT,1326
,20260103,http://www.ngs.noaa.gov/cgi-bin/ds_mark.prl?PidBox=LX3293,LX3293,1331 X,,,,CT,NEW LONDON,WILLIMANTIC (2018),41 38 27.     (N),072 11 00.     (W),41.6408333333,-72.1833333333,,NAD 83,(1986),,SCALED,113.858,NAVD 88,,ADJUSTED,-30.048,GEOID18,113.818,980269.9,,,,,,,,1,2,,,,CT,242240.,352010.,,,,,,,,C,1958,19901020,GOOD,USPSQD,,DD = SURVEY DISK,7 = SET IN TOP OF CONCRETE MONUMENT,1331 X
,20260103,http://www.ngs.noaa.gov/cgi-bin/ds_mark.prl?PidBox=LX3295,LX3295,1333,,,,CT,NEW LONDON,WILLIMANTIC (2018),41 38 29.     (N),072 12 21.     (W),41.6413888889,-72.2058333333,,NAD 83,(1986),,SCALED,101.263,NAVD 88,,ADJUSTED,-30.027,GEOID18,101.227,980265.6,,,,,,,,1,2,,,,CT,242290.,350140.,,,,,,,,C,1936,19901020,GOOD,USPSQD,,DD = SURVEY DISK,7 = SET IN TOP OF CONCRETE MONUMENT,1333
,20260103,http://www.ngs.noaa.gov/cgi-bin/ds_mark.prl?PidBox=LX3297,LX3297,1334,,,,CT,NEW LONDON,WILLIMANTIC (2018),41 38 18.     (N),072 12 35.     (W),41.6383333333,-72.2097222222,,NAD 83,(1986),,SCALED,110.459,NAVD 88,,ADJUSTED,-30.027,GEOID18,110.419,980264.8,,,,,,,,1,2,,,,CT,241940.,349820.,,,,,,,,C,1936,20200201,GOOD,CTDT,N,DD = SURVEY DISK,7 = SET IN TOP OF CONCRETE MONUMENT,1334
,20260103,http://www.ngs.noaa.gov/cgi-bin/ds_mark.prl?PidBox=LX0377,LX0377,134 T OF NH,,,,CT,NEW HAVEN,NEW HAVEN (2018),41 17 18.     (N),072 56 06.     (W),41.2883333333,-72.9350000000,,NAD 83,(1986),,SCALED,3.360,NAVD 88,,ADJUSTED,-29.784,GEOID18,3.359,980303.9,,,,,,,,1,1,,,,CT,202950.,289300.,,,,,,,,C,UNK,1965,GOOD,CGS,,DD = SURVEY DISK,7 = SET IN TOP OF CONCRETE MONUMENT,NEW HAVEN 134
,20260103,http://www.ngs.noaa.gov/cgi-bin/ds_mark.prl?PidBox=LX0028,LX0028,134 W RESET,,,,CT,NEW LONDON,NORWICH (2018),41 33 42.     (N),072 07 28.     (W),41.5616666667,-72.1244444444,,NAD 83,(1986),,SCALED,33.858,NAVD 88,,ADJUSTED,-30.211,GEOID18,33.846,980276.0,,,,,,,,2,0,,,,CT,233480.,356980.,,,,,,,,B,1936,20060509,GOOD,USPSQD,,DB = BENCH MARK DISK,36 = SET IN A MASSIVE STRUCTURE,
,20260103,http://www.ngs.noaa.gov/cgi-bin/ds_mark.prl?PidBox=LX2838,LX2838,1344,,,,CT,NEW HAVEN,CLINTON (2018),41 17 15.1    (N),072 36 07.7    (W),41.2875277778,-72.6021388889,,NAD 83,(1986),,HD_HELD2,16.402,NAVD 88,,ADJUSTED,-30.170,GEOID18,16.396,980291.3,,,,,,,,1,2,,,,CT,202852.,317187.,,,,,,,,B,1979,19940625,GOOD,USPSQD,,DD = SURVEY DISK,37 = SET IN A MASSIVE RETAINING WALL,1344
,20260103,http://www.ngs.noaa.gov/cgi-bin/ds_mark.prl?PidBox=LX3207,LX3207,1349,,,,CT,WINDHAM,HAMPTON (2018),41 46 53.48   (N),072 03 18.24   (W),41.7815222222,-72.0550666667,,NAD 83,(1986),,HD_HELD1,203.726,NAVD 88,,ADJUSTED,-29.808,GEOID18,203.653,980263.1,,,,,,,,1,2,,,,CT,257938.6,362571.8,,,,,,,,C,1936,1986,GOOD,NGS,,DD = SURVEY DISK,7 = SET IN TOP OF CONCRETE MONUMENT,1349
,20260103,http://www.ngs.noaa.gov/cgi-bin/ds_mark.prl?PidBox=LX0403,LX0403,136,,,,CT,NEW HAVEN,NEW HAVEN (2018),41 16 04.     (N),072 53 29.     (W),41.2677777778,-72.8913888889,,NAD 83,(1986),,SCALED,1.248,NAVD 88,,ADJUSTED,-29.908,GEOID18,1.248,980299.8,,,,,,,,1,1,,,,CT,200660.,292950.,,,,,,,,B,1934,1965,GOOD,CGS,,DD = SURVEY DISK,36 = SET IN A MASSIVE STRUCTURE,136
,20260103,http://www.ngs.noaa.gov/cgi-bin/ds_mark.prl?PidBox=LW1695,LW1695,1360 CTGS,,,,CT,WINDHAM,DANIELSON (2018),41 48 15.     (N),071 53 04.     (W),41.8041666667,-71.8844444444,,NAD 83,(1986),,SCALED,68.210,NAVD 88,,ADJUSTED,-29.871,GEOID18,68.187,980279.6,,,,,,,,1,2,,,,CT,260580.,376730.,,,,,,,,C,UNK,19961125,MARK NOT FOUND,USPSQD,,DD = SURVEY DISK,7 = SET IN TOP OF CONCRETE MONUMENT,1360
,20260103,http://www.ngs.noaa.gov/cgi-bin/ds_mark.prl?PidBox=LW1703,LW1703,1365 CTGS,,,,CT,WINDHAM,PLAINFIELD (2018),41 42 56.     (N),071 54 10.     (W),41.7155555556,-71.9027777778,,NAD 83,(1986),,SCALED,61.003,NAVD 88,,ADJUSTED,-30.059,GEOID18,60.982,980281.8,,,,,,,,1,2,,,,CT,250730.,375300.,,,,,,,,C,UNK,20080207,GOOD,GEOCAC,N,DD = SURVEY DISK,7 = SET IN TOP OF CONCRETE MONUMENT,1365
,20260103,http://www.ngs.noaa.gov/cgi-bin/ds_mark.prl?PidBox=LW1694,LW1694,1369 CTGS,,,,CT,WINDHAM,DANIELSON (2018),41 48 25.     (N),071 52 52.     (W),41.8069444444,-71.8811111111,,NAD 83,(1986),,SCALED,72.299,NAVD 88,,ADJUSTED,-29.864,GEOID18,72.274,980279.3,,,,,,,,1,2,,,,CT,260890.,377000.,,,,,,,,C,UNK,19961125,GOOD,USPSQD,,DD = SURVEY DISK,7 = SET IN TOP OF CONCRETE MONUMENT,1369
,20260103,http://www.ngs.noaa.gov/cgi-bin/ds_mark.prl?PidBox=LX0439,LX0439,139,,,,CT,NEW HAVEN,GUILFORD (2018),41 17 07.     (N),072 38 19.     (W),41.2852777778,-72.6386111111,,NAD 83,(1986),,SCALED,5.875,NAVD 88,,ADJUSTED,-30.132,GEOID18,5.873,980290.9,,,,,,,,1,1,,,,CT,202600.,314130.,,,,,,,,A,1934,20151230,GOOD,INDIV,N,DD = SURVEY DISK,66 = SET IN ROCK OUTCROP,139
,20260103,http://www.ngs.noaa.gov/cgi-bin/ds_mark.prl?PidBox=LX3320,LX3320,139 W,,,,CT,NEW LONDON,HAMBURG (2018),41 29 28.     (N),072 16 32.     (W),41.4911111111,-72.2755555556,,NAD 83,(1986),,SCALED,110.146,NAVD 88,,ADJUSTED,-30.156,GEOID18,110.107,980264.7,,,,,,,,1,2,,,,CT,225560.,344420.,,,,,,,,A,1923,20030602,GOOD,USPSQD,,DD = SURVEY DISK,66 = SET IN ROCK OUTCROP,139 W 1923 362
,20260103,http://www.ngs.noaa.gov/cgi-bin/ds_mark.prl?PidBox=LW1810,LW1810,1393,,,,CT,WINDHAM,ONECO (2018),41 41 13.     (N),071 50 58.     (W),41.6869444444,-71.8494444444,,NAD 83,(1986),,SCALED,184.856,NAVD 88,,ADJUSTED,-30.107,GEOID18,184.789,980254.4,,,,,,,,1,2,,,,CT,247590.,379780.,,,,,,,,C,1936,20080203,GOOD,GEOCAC,N,DD = SURVEY DISK,80 = SET IN A BOULDER,1393
,20260103,http://www.ngs.noaa.gov/cgi-bin/ds_mark.prl?PidBox=LW1814,LW1814,1395,,,,CT,WINDHAM,ONECO (2018),41 39 30.     (N),071 50 51.     (W),41.6583333333,-71.8475000000,,NAD 83,(1986),,SCALED,192.638,NAVD 88,,ADJUSTED,-30.161,GEOID18,192.566,980247.2,,,,,,,,1,2,,,,CT,244420.,379970.,,,,,,,,C,1936,20080203,GOOD,GEOCAC,N,DD = SURVEY DISK,80 = SET IN A BOULDER,1395
,20260103,http://www.ngs.noaa.gov/cgi-bin/ds_mark.prl?PidBox=LW1816,LW1816,1398,,,,CT,NEW LONDON,ONECO (2018),41 37 46.     (N),071 50 49.     (W),41.6294444444,-71.8469444444,,NAD 83,(1986),,SCALED,161.410,NAVD 88,,ADJUSTED,-30.215,GEOID18,161.350,980247.2,,,,,,,,1,2,,,,CT,241210.,380050.,,,,,,,,A,1936,1986,GOOD,NGS,,DD = SURVEY DISK,66 = SET IN ROCK OUTCROP,1398
,20260103,http://www.ngs.noaa.gov/cgi-bin/ds_mark.prl?PidBox=LX6841,LX6841,140,,,,CT,MIDDLESEX,MIDDLE HADDAM (2018),41 33 40.43717(N),072 36 09.52896(W),41.5612325472,-72.6026469333,,NAD 83,(1996),,ADJUSTED,1.,NAVD 88,,SCALED,-29.641,GEOID18,,,,,,,,,3,,,,,,CT,233250.177,317092.218,+0 05 51.7,0.99998780,18,4603837.698,699908.232,+1 35 27.5,1.00009182,A,1935,1948,GOOD,CGS,,L = ABSOLUTE GRAVITY STATION PLUG,66 = SET IN ROCK OUTCROP,
,20260103,http://www.ngs.noaa.gov/cgi-bin/ds_mark.prl?PidBox=LX3315,LX3315,140 W,,,,CT,NEW LONDON,COLCHESTER (2018),41 32 14.     (N),072 18 06.     (W),41.5372222222,-72.3016666667,,NAD 83,(1986),,SCALED,168.352,NAVD 88,,ADJUSTED,-30.041,GEOID18,168.293,980266.2,,,,,,,,1,2,,,,CT,230670.,342210.,,,,,,,,C,1923,19901115,GOOD,USPSQD,,DD = SURVEY DISK,80 = SET IN A BOULDER,140 W 1923 554
,20260103,http://www.ngs.noaa.gov/cgi-bin/ds_mark.prl?PidBox=LW1819,LW1819,1400,,,,CT,NEW LONDON,VOLUNTOWN (2018),41 36 19.     (N),071 50 52.     (W),41.6052777778,-71.8477777778,,NAD 83,(1986),,SCALED,128.140,NAVD 88,,ADJUSTED,-30.257,GEOID18,128.093,980252.4,,,,,,,,1,2,,,,CT,238520.,380010.,,,,,,,,A,1936,1986,GOOD,NGS,,DD = SURVEY DISK,66 = SET IN ROCK OUTCROP,1400
,20260103,http://www.ngs.noaa.gov/cgi-bin/ds_mark.prl?PidBox=LX0449,LX0449,141,,,,CT,NEW HAVEN,CLINTON (2018),41 16 44.     (N),072 36 00.     (W),41.2788888889,-72.6000000000,,NAD 83,(1986),,SCALED,6.379,NAVD 88,,ADJUSTED,-30.201,GEOID18,6.377,980291.1,,,,,,,,1,1,,,,CT,201890.,317370.,,,,,,,,D,1934,1985,GOOD,NGS,,DD = SURVEY DISK,9 = POST (STONE OR PRECAST CONCRETE),141
,20260103,http://www.ngs.noaa.gov/cgi-bin/ds_mark.prl?PidBox=LX3310,LX3310,141 W,,,,CT,NEW LONDON,COLCHESTER (2018),41 34 28.     (N),072 19 59.     (W),41.5744444444,-72.3330555556,,NAD 83,(1986),,SCALED,139.367,NAVD 88,,ADJUSTED,-29.952,GEOID18,139.318,980270.2,,,,,,,,1,2,,,,CT,234790.,339570.,,,,,,,,C,1923,19901020,GOOD,USPSQD,,DD = SURVEY DISK,34 = SET IN THE FOOTINGS OF SMALL/MEDIUM STRUCTURES,141 W 1923 458
,20260103,http://www.ngs.noaa.gov/cgi-bin/ds_mark.prl?PidBox=LW1746,LW1746,1411 CTGS,,,,CT,NEW LONDON,ASHAWAY (2018),41 24 14.     (N),071 50 55.     (W),41.4038888889,-71.8486111111,,NAD 83,(1986),,SCALED,19.272,NAVD 88,,ADJUSTED,-30.519,GEOID18,19.265,980278.5,,,,,,,,1,2,,,,CT,216160.,380170.,,,,,,,,C,UNK,20100815,MARK NOT FOUND,PB,,DD = SURVEY DISK,7 = SET IN TOP OF CONCRETE MONUMENT,1411
,20260103,http://www.ngs.noaa.gov/cgi-bin/ds_mark.prl?PidBox=LX0462,LX0462,143,,,,CT,NEW HAVEN,CLINTON (2018),41 16 27.     (N),072 33 27.     (W),41.2741666667,-72.5575000000,,NAD 83,(1986),,SCALED,6.620,NAVD 88,,ADJUSTED,-30.269,GEOID18,6.618,980289.5,,,,,,,,1,1,,,,CT,201380.,320930.,,,,,,,,D,1934,1965,GOOD,CGS,,DD = SURVEY DISK,9 = POST (STONE OR PRECAST CONCRETE),143
,20260103,http://www.ngs.noaa.gov/cgi-bin/ds_mark.prl?PidBox=LX0464,LX0464,144,,,,CT,NEW HAVEN,CLINTON (2018),41 16 28.     (N),072 32 59.     (W),41.2744444444,-72.5497222222,,NAD 83,(1986),,SCALED,4.339,NAVD 88,,POSTED,-30.278,GEOID18,4.34,980288.9,,,,,,,,,,,,,CT,201410.,321580.,,,,,,,,D,UNK,1965,GOOD,CGS,,DD = SURVEY DISK,9 = POST (STONE OR PRECAST CONCRETE),144
,20260103,http://www.ngs.noaa.gov/cgi-bin/ds_mark.prl?PidBox=LW1743,LW1743,1440 CTGS,,,,CT,NEW LONDON,ASHAWAY (2018),41 25 45.     (N),071 51 49.     (W),41.4291666667,-71.8636111111,,NAD 83,(1986),,SCALED,38.475,NAVD 88,,ADJUSTED,-30.485,GEOID18,38.461,980270.6,,,,,,,,1,2,,,,CT,218950.,378890.,,,,,,,,C,UNK,1990,MARK NOT FOUND,USPSQD,,DD = SURVEY DISK,7 = SET IN TOP OF CONCRETE MONUMENT,1440
,20260103,http://www.ngs.noaa.gov/cgi-bin/ds_mark.prl?PidBox=LW1744,LW1744,1456,,,,CT,NEW LONDON,ASHAWAY (2018),41 25 28.0    (N),071 51 37.1    (W),41.4244444444,-71.8603055556,,NAD 83,(1986),,HD_HELD2,34.921,NAVD 88,,ADJUSTED,-30.492,GEOID18,34.909,980272.3,,,,,,,,1,2,,,,CT,218431.,379171.,,,,,,,,C,UNK,20210614,GOOD,USPSQD,,DD = SURVEY DISK,7 = SET IN TOP OF CONCRETE MONUMENT,1456
,20260103,http://www.ngs.noaa.gov/cgi-bin/ds_mark.prl?PidBox=LW1827,LW1827,1458 X,,,,CT,NEW LONDON,VOLUNTOWN (2018),41 34 26.38   (N),071 51 46.67   (W),41.5739944444,-71.8629638889,,NAD 83,(1986),,HD_HELD1,82.201,NAVD 88,,ADJUSTED,-30.297,GEOID18,82.171,980261.6,,,,,,,,1,2,,,,CT,235036.8,378777.8,,,,,,,,C,1937,1986,GOOD,NGS,,DD = SURVEY DISK,7 = SET IN TOP OF CONCRETE MONUMENT,1458 X
,20260103,http://www.ngs.noaa.gov/cgi-bin/ds_mark.prl?PidBox=LW1741,LW1741,146 W USGS,,,,CT,NEW LONDON,OLD MYSTIC (2018),41 26 24.     (N),071 53 04.     (W),41.4400000000,-71.8844444444,,NAD 83,(1986),,SCALED,44.654,NAVD 88,,ADJUSTED,-30.469,GEOID18,44.638,980266.1,,,,,,,,1,2,,,,CT,220140.,377140.,,,,,,,,A,1923,19901001,GOOD,USPSQD,,DD = SURVEY DISK,40 = SET IN A LARGE STRUCTURE WITH DEEP FOUNDATIONS,146 W 1923 148
,20260103,http://www.ngs.noaa.gov/cgi-bin/ds_mark.prl?PidBox=LW1826,LW1826,1460,,,,CT,NEW LONDON,VOLUNTOWN (2018),41 34 37.     (N),071 51 09.     (W),41.5769444444,-71.8525000000,,NAD 83,(1986),,SCALED,98.255,NAVD 88,,ADJUSTED,-30.294,GEOID18,98.219,980259.0,,,,,,,,1,2,,,,CT,235370.,379650.,,,,,,,,C,1936,1986,GOOD,NGS,,DD = SURVEY DISK,7 = SET IN TOP OF CONCRETE MONUMENT,1460
,20260103,http://www.ngs.noaa.gov/cgi-bin/ds_mark.prl?PidBox=LX6848,LX6848,147,,,,CT,MIDDLESEX,MIDDLE HADDAM (2018),41 33 15.92249(N),072 34 16.28315(W),41.5544229139,-72.5711897639,,NAD 83,(1996),,ADJUSTED,6.,NAVD 88,,SCALED,-29.684,GEOID18,,,,,,,,,3,,,,,,CT,232498.834,319717.812,+0 07 06.8,0.99998697,18,4603154.949,702552.817,+1 36 41.9,1.00010492,A,1909,1948,GOOD,CGS,,B = BOLT,66 = SET IN ROCK OUTCROP,
,20260103,http://www.ngs.noaa.gov/cgi-bin/ds_mark.prl?PidBox=LW1739,LW1739,1478 CTGS,,,,CT,NEW LONDON,OLD MYSTIC (2018),41 27 00.     (N),071 53 59.     (W),41.4500000000,-71.8997222222,,NAD 83,(1986),,SCALED,49.564,NAVD 88,,ADJUSTED,-30.453,GEOID18,49.546,980262.8,,,,,,,,1,2,,,,CT,221240.,375850.,,,,,,,,C,UNK,19901001,GOOD,USPSQD,,DD = SURVEY DISK,7 = SET IN TOP OF CONCRETE MONUMENT,1478
,20260103,http://www.ngs.noaa.gov/cgi-bin/ds_mark.prl?PidBox=LX6824,LX6824,148,,,,CT,MIDDLESEX,MIDDLE HADDAM (2018),41 33 32.38509(N),072 34 37.24259(W),41.5589958583,-72.5770118306,,NAD 83,(1996),,ADJUSTED,1.,NAVD 88,,SCALED,-29.671,GEOID18,,,,,,,,,3,,,,,,CT,233005.728,319231.091,+0 06 52.9,0.99998778,18,4603649.048,702052.993,+1 36 28.6,1.00010243,A,1909,1948,GOOD,CGS,,L = ABSOLUTE GRAVITY STATION PLUG,66 = SET IN ROCK OUTCROP,U.S. 148
,20260103,http://www.ngs.noaa.gov/cgi-bin/ds_mark.prl?PidBox=LX5122,LX5122,1483,,,,CT,NEW LONDON,UNCASVILLE (2018),41 29 13.62902(N),072 04 01.27247(W),41.4871191722,-72.0670201306,,NAD 83,(1996),,ADJUSTED,23.,NAVD 88,,SCALED,-30.386,GEOID18,,,,,,,,,3,,,,,,CT,225233.906,361836.573,+0 27 10.3,0.99998467,18,4596987.807,744856.393,+1 56 38.1,1.00033789,D,1937,1961,MARK NOT FOUND,CGS,,DD = SURVEY DISK,9 = POST (STONE OR PRECAST CONCRETE),1483
,20260103,http://www.ngs.noaa.gov/cgi-bin/ds_mark.prl?PidBox=LX3221,LX3221,1488,,,,CT,NEW LONDON,UNCASVILLE (2018),41 29 45.     (N),072 01 47.     (W),41.4958333333,-72.0297222222,,NAD 83,(1986),,SCALED,27.040,NAVD 88,,ADJUSTED,-30.371,GEOID18,27.031,980277.5,,,,,,,,1,2,,,,CT,226230.,364940.,,,,,,,,A,1964,19901014,GOOD,USPSQD,,DD = SURVEY DISK,66 = SET IN ROCK OUTCROP,1488
,20260103,http://www.ngs.noaa.gov/cgi-bin/ds_mark.prl?PidBox=LW1080,LW1080,149 W USGS,,,,CT,WINDHAM,PLAINFIELD (2018),41 44 34.     (N),071 54 22.     (W),41.7427777778,-71.9061111111,,NAD 83,(1986),,SCALED,76.913,NAVD 88,,ADJUSTED,-29.999,GEOID18,76.887,980285.3,,,,,,,,1,2,,,,CT,253750.,375000.,,,,,,,,A,1923,20200201,GOOD,CTDT,N,DD = SURVEY DISK,66 = SET IN ROCK OUTCROP,149 W 1923
,20260103,http://www.ngs.noaa.gov/cgi-bin/ds_mark.prl?PidBox=LX1150,LX1150,15,,,,CT,FAIRFIELD,GLENVILLE (2018),41 01 52.     (N),073 37 37.     (W),41.0311111111,-73.6269444444,,NAD 83,(1986),,SCALED,48.215,NAVD 88,,ADJUSTED,-30.600,GEOID18,48.198,980278.2,,,,,,,,1,1,,,,CT,174740.,231050.,,,,,,,,C,UNK,1984,MARK NOT FOUND,USPSQD,,DD = SURVEY DISK,7 = SET IN TOP OF CONCRETE MONUMENT,15
,20260103,http://www.ngs.noaa.gov/cgi-bin/ds_mark.prl?PidBox=LX3730,LX3730,15 BLACK ROCK,,,,CT,FAIRFIELD,BRIDGEPORT (2018),41 08 55.40810(N),073 12 56.52609(W),41.1487244722,-73.2157016917,,NAD 83,(1996),,ADJUSTED,3.,NAVD 88,,SCALED,-29.943,GEOID18,,,,,,,,,3,,,,,,CT,187532.028,265706.889,-0 18 31.6,1.00000985,18,4556801.468,649727.694,+1 10 27.5,0.99987591,B,1933,19950804,GOOD,USPSQD,,B = BOLT,65 = SET IN UNSPECIFIED ROCK OR BOULDER,
,20260103,http://www.ngs.noaa.gov/cgi-bin/ds_mark.prl?PidBox=LX2905,LX2905,15 N 3,,,,CT,TOLLAND,ROCKVILLE (2018),41 52 05.     (N),072 27 57.     (W),41.8680555556,-72.4658333333,,NAD 83,(1986),,SCALED,74.638,NAVD 88,,ADJUSTED,-29.347,GEOID18,74.614,980303.6,,,,,,,,1,2,,,,CT,267360.,328390.,,,,,,,,C,1938,1986,GOOD,NGS,,DD = SURVEY DISK,32 = SET IN A RETAINING WALL OR CONCRETE LEDGE,15 N 3
,20260103,http://www.ngs.noaa.gov/cgi-bin/ds_mark.prl?PidBox=LX6846,LX6846,150,,,,CT,MIDDLESEX,MIDDLE HADDAM (2018),41 33 22.25176(N),072 33 43.69573(W),41.5561810444,-72.5621377028,,NAD 83,(1996),,ADJUSTED,-0.,NAVD 88,,SCALED,-29.691,GEOID18,,,,,,,,,3,,,,,,CT,232695.698,320472.552,+0 07 28.4,0.99998792,18,4603371.440,703302.265,+1 37 03.8,1.00010866,C,1909,1969,MARK NOT FOUND,CGS,,L = ABSOLUTE GRAVITY STATION PLUG,80 = SET IN A BOULDER,U.S. 150
,20260103,http://www.ngs.noaa.gov/cgi-bin/ds_mark.prl?PidBox=LW1085,LW1085,150 W,,,,CT,WINDHAM,PLAINFIELD (2018),41 40 36.     (N),071 54 54.     (W),41.6766666667,-71.9150000000,,NAD 83,(1986),,SCALED,61.577,NAVD 88,,ADJUSTED,-30.138,GEOID18,61.555,980271.3,,,,,,,,1,2,,,,CT,246400.,374330.,,,,,,,,A,1923,20200201,GOOD,CTDT,N,DD = SURVEY DISK,66 = SET IN ROCK OUTCROP,150 W 1923 203
,20260103,http://www.ngs.noaa.gov/cgi-bin/ds_mark.prl?PidBox=LX3382,LX3382,1500,,,,CT,NEW LONDON,NORWICH (2018),41 31 59.     (N),072 03 20.     (W),41.5330555556,-72.0555555556,,NAD 83,(1986),,SCALED,15.585,NAVD 88,,ADJUSTED,-30.290,GEOID18,15.579,980286.7,,,,,,,,1,2,,,,CT,230340.,362750.,,,,,,,,D,1934,20060504,GOOD,USPSQD,Y,DD = SURVEY DISK,31 = SET IN A PAVEMENT SUCH AS STREET SIDEWALK CURB ETC.,1500
,20260103,http://www.ngs.noaa.gov/cgi-bin/ds_mark.prl?PidBox=LW1708,LW1708,151 W USGS RESET 1965,,,,CT,WINDHAM,PLAINFIELD (2018),41 39 36.     (N),071 55 31.     (W),41.6600000000,-71.9252777778,,NAD 83,(1986),,SCALED,56.595,NAVD 88,,ADJUSTED,-30.167,GEOID18,56.575,980269.3,,,,,,,,1,2,,,,CT,244540.,373490.,,,,,,,,A,1965,19961125,GOOD,USPSQD,,DD = SURVEY DISK,66 = SET IN ROCK OUTCROP,151 W RESET 1965
,20260103,http://www.ngs.noaa.gov/cgi-bin/ds_mark.prl?PidBox=LX2178,LX2178,1511,,,,CT,HARTFORD,MANCHESTER (2018),41 46 49.     (N),072 31 19.     (W),41.7802777778,-72.5219444444,,NAD 83,(1986),,SCALED,72.066,NAVD 88,,ADJUSTED,-29.482,GEOID18,72.042,980300.3,,,,,,,,1,2,,,,CT,257590.,323760.,,,,,,,,C,UNK,1986,GOOD,NGS,,DD = SURVEY DISK,7 = SET IN TOP OF CONCRETE MONUMENT,1511
,20260103,http://www.ngs.noaa.gov/cgi-bin/ds_mark.prl?PidBox=LX0392,LX0392,152 T OF NH,,,,CT,NEW HAVEN,NEW HAVEN (2018),41 17 56.     (N),072 54 22.     (W),41.2988888889,-72.9061111111,,NAD 83,(1986),,SCALED,5.609,NAVD 88,,ADJUSTED,-29.796,GEOID18,5.608,980303.2,,,,,,,,1,1,,,,CT,204120.,291730.,,,,,,,,B,UNK,1965,GOOD,CGS,,DD = SURVEY DISK,36 = SET IN A MASSIVE STRUCTURE,NEW HAVEN 152
,20260103,http://www.ngs.noaa.gov/cgi-bin/ds_mark.prl?PidBox=LX2482,LX2482,1521,,,,CT,NEW HAVEN,WATERBURY (2018),41 35 24.     (N),073 03 08.     (W),41.5900000000,-73.0522222222,,NAD 83,(1986),,SCALED,89.747,NAVD 88,,ADJUSTED,-29.144,GEOID18,89.718,980299.5,,,,,,,,1,2,,,,CT,236480.,279600.,,,,,,,,C,1936,20230221,MARK NOT FOUND,INDIV,,DD = SURVEY DISK,7 = SET IN TOP OF CONCRETE MONUMENT,1521
,20260103,http://www.ngs.noaa.gov/cgi-bin/ds_mark.prl?PidBox=LX2483,LX2483,1522,,,,CT,NEW HAVEN,WATERBURY (2018),41 35 07.     (N),073 02 56.     (W),41.5852777778,-73.0488888889,,NAD 83,(1986),,SCALED,86.892,NAVD 88,,ADJUSTED,-29.147,GEOID18,86.864,980301.2,,,,,,,,1,2,,,,CT,235950.,279880.,,,,,,,,C,1936,19971018,MARK NOT FOUND,USPSQD,,DD = SURVEY DISK,7 = SET IN TOP OF CONCRETE MONUMENT,1522
,20260103,http://www.ngs.noaa.gov/cgi-bin/ds_mark.prl?PidBox=LX2767,LX2767,1532,,,,CT,HARTFORD,BRISTOL (2018),41 44 29.60   (N),072 53 29.28   (W),41.7415555556,-72.8914666667,,NAD 83,(1986),,HD_HELD1,107.765,NAVD 88,,ADJUSTED,-29.027,GEOID18,107.733,980330.6,,,,,,,,1,2,,,,CT,253276.9,293032.8,,,,,,,,C,1936,1985,GOOD,NGS,,DD = SURVEY DISK,7 = SET IN TOP OF CONCRETE MONUMENT,1532
,20260103,http://www.ngs.noaa.gov/cgi-bin/ds_mark.prl?PidBox=LX2758,LX2758,1533,,,,CT,HARTFORD,BRISTOL (2018),41 41 58.42   (N),072 52 40.13   (W),41.6995611111,-72.8778138889,,NAD 83,(1986),,HD_HELD1,80.054,NAVD 88,,ADJUSTED,-29.096,GEOID18,80.031,980326.5,,,,,,,,1,2,,,,CT,248610.9,294161.6,,,,,,,,C,1936,1985,GOOD,NGS,,DD = SURVEY DISK,7 = SET IN TOP OF CONCRETE MONUMENT,1533
,20260103,http://www.ngs.noaa.gov/cgi-bin/ds_mark.prl?PidBox=LX2757,LX2757,1534,,,,CT,HARTFORD,BRISTOL (2018),41 41 42.27   (N),072 52 39.65   (W),41.6950750000,-72.8776805556,,NAD 83,(1986),,HD_HELD1,75.732,NAVD 88,,ADJUSTED,-29.103,GEOID18,75.709,980326.3,,,,,,,,1,2,,,,CT,248112.7,294172.0,,,,,,,,C,1936,1985,GOOD,NGS,,DD = SURVEY DISK,7 = SET IN TOP OF CONCRETE MONUMENT,1534
,20260103,http://www.ngs.noaa.gov/cgi-bin/ds_mark.prl?PidBox=LX6876,LX6876,154,,,,CT,MIDDLESEX,MIDDLE HADDAM (2018),41 32 48.65179(N),072 33 00.78316(W),41.5468477194,-72.5502175444,,NAD 83,(1996),,ADJUSTED,15.,NAVD 88,,SCALED,-29.717,GEOID18,,,,,,,,,3,,,,,,CT,231661.347,321469.357,+0 07 56.9,0.99998553,18,4602363.282,704325.811,+1 37 31.2,1.00011380,C,1909,19970904,MARK NOT FOUND,USPSQD,,L = ABSOLUTE GRAVITY STATION PLUG,80 = SET IN A BOULDER,U.S. 154
,20260103,http://www.ngs.noaa.gov/cgi-bin/ds_mark.prl?PidBox=LX2032,LX2032,1550,,,,CT,HARTFORD,TARIFFVILLE (2018),41 57 12.     (N),072 47 22.     (W),41.9533333333,-72.7894444444,,NAD 83,(1986),,SCALED,63.945,NAVD 88,,ADJUSTED,-28.933,GEOID18,63.927,980340.9,,,,,,,,1,2,,,,CT,276790.,301530.,,,,,,,,C,UNK,1984,GOOD,NGS,,DD = SURVEY DISK,7 = SET IN TOP OF CONCRETE MONUMENT,1550
,20260103,http://www.ngs.noaa.gov/cgi-bin/ds_mark.prl?PidBox=LX2659,LX2659,156,,,,CT,NEW HAVEN,GUILFORD (2018),41 21 30.19   (N),072 38 17.58   (W),41.3583861111,-72.6382166667,,NAD 83,(1986),,HD_HELD1,96.960,NAVD 88,,ADJUSTED,-29.904,GEOID18,96.927,980282.0,,,,,,,,1,2,,,,CT,210717.4,314154.3,,,,,,,,A,1935,20191010,GOOD,CTDTGS,Y,DB = BENCH MARK DISK,66 = SET IN ROCK OUTCROP,156
,20260103,http://www.ngs.noaa.gov/cgi-bin/ds_mark.prl?PidBox=LX0395,LX0395,156 T OF NH,,,,CT,NEW HAVEN,NEW HAVEN (2018),41 17 27.     (N),072 53 44.     (W),41.2908333333,-72.8955555556,,NAD 83,(1986),,SCALED,14.294,NAVD 88,,ADJUSTED,-29.833,GEOID18,14.289,980302.1,,,,,,,,1,1,,,,CT,203220.,292610.,,,,,,,,C,UNK,1965,GOOD,CGS,,DD = SURVEY DISK,7 = SET IN TOP OF CONCRETE MONUMENT,NEW HAVEN 156
,20260103,http://www.ngs.noaa.gov/cgi-bin/ds_mark.prl?PidBox=LX2568,LX2568,1560,,,,CT,LITCHFIELD,ROXBURY (2018),41 36 25.     (N),073 17 11.     (W),41.6069444444,-73.2863888889,,NAD 83,(1986),,SCALED,295.799,NAVD 88,,ADJUSTED,-29.502,GEOID18,295.698,980275.4,,,,,,,,1,2,,,,CT,238460.,260090.,,,,,,,,C,UNK,1985,GOOD,NGS,,DD = SURVEY DISK,7 = SET IN TOP OF CONCRETE MONUMENT,1560
,20260103,http://www.ngs.noaa.gov/cgi-bin/ds_mark.prl?PidBox=LX2573,LX2573,1562,,,,CT,LITCHFIELD,ROXBURY (2018),41 35 04.20   (N),073 15 02.45   (W),41.5845000000,-73.2506805556,,NAD 83,(1986),,HD_HELD1,125.691,NAVD 88,,ADJUSTED,-29.465,GEOID18,125.648,980278.7,,,,,,,,1,2,,,,CT,235944.8,263051.0,,,,,,,,C,UNK,20191022,GOOD,CTDTGS,N,DD = SURVEY DISK,7 = SET IN TOP OF CONCRETE MONUMENT,1562
,20260103,http://www.ngs.noaa.gov/cgi-bin/ds_mark.prl?PidBox=LX0396,LX0396,157 T OF NH,,,,CT,NEW HAVEN,NEW HAVEN (2018),41 17 25.     (N),072 53 39.     (W),41.2902777778,-72.8941666667,,NAD 83,(1986),,SCALED,18.949,NAVD 88,,ADJUSTED,-29.836,GEOID18,18.943,980302.0,,,,,,,,1,1,,,,CT,203160.,292730.,,,,,,,,C,UNK,1965,GOOD,CGS,,DD = SURVEY DISK,7 = SET IN TOP OF CONCRETE MONUMENT,NEW HAVEN 157
,20260103,http://www.ngs.noaa.gov/cgi-bin/ds_mark.prl?PidBox=LX0786,LX0786,16,,,,CT,FAIRFIELD,NORWALK SOUTH (2018),41 06 16.     (N),073 25 07.     (W),41.1044444444,-73.4186111111,,NAD 83,(1986),,SCALED,8.385,NAVD 88,,ADJUSTED,-30.111,GEOID18,8.383,980305.6,,,,,,,,1,1,,,,CT,182730.,248640.,,,,,,,,C,UNK,1989,POOR,USPSQD,,DD = SURVEY DISK,7 = SET IN TOP OF CONCRETE MONUMENT,16
,20260103,http://www.ngs.noaa.gov/cgi-bin/ds_mark.prl?PidBox=LX0633,LX0633,16 A CU,,,,CT,LITCHFIELD,LITCHFIELD (2018),41 43 51.     (N),073 13 00.     (W),41.7308333333,-73.2166666667,,NAD 83,(1986),,SCALED,277.615,NAVD 88,,ADJUSTED,-29.279,GEOID18,277.521,980277.2,,,,,,,,1,2,,,,CT,252180.,265980.,,,,,,,,C,UNK,20200109,GOOD,CTDTGS,N,Q = CHISELED SQUARE,80 = SET IN A BOULDER,
,20260103,http://www.ngs.noaa.gov/cgi-bin/ds_mark.prl?PidBox=LX3054,LX3054,16 N 2,,,,CT,WINDHAM,SCOTLAND (2018),41 41 54.     (N),072 04 15.     (W),41.6983333333,-72.0708333333,,NAD 83,(1986),,SCALED,136.977,NAVD 88,,ADJUSTED,-30.007,GEOID18,136.930,980273.7,,,,,,,,1,2,,,,CT,248690.,361330.,,,,,,,,C,1938,19961001,GOOD,USPSQD,,DD = SURVEY DISK,32 = SET IN A RETAINING WALL OR CONCRETE LEDGE,16 N 2
,20260103,http://www.ngs.noaa.gov/cgi-bin/ds_mark.prl?PidBox=LX3195,LX3195,16 N 5,,,,CT,WINDHAM,HAMPTON (2018),41 51 35.     (N),072 00 27.     (W),41.8597222222,-72.0075000000,,NAD 83,(1986),,SCALED,162.291,NAVD 88,,ADJUSTED,-29.621,GEOID18,162.235,980273.2,,,,,,,,1,2,,,,CT,266660.,366450.,,,,,,,,C,1938,20030419,GOOD,INDIV,,DD = SURVEY DISK,32 = SET IN A RETAINING WALL OR CONCRETE LEDGE,16 N 5
,20260103,http://www.ngs.noaa.gov/cgi-bin/ds_mark.prl?PidBox=LX2091,LX2091,16 N 9,,,,CT,TOLLAND,WESTFORD (2018),41 57 44.     (N),072 14 07.     (W),41.9622222222,-72.2352777778,,NAD 83,(1986),,SCALED,256.882,NAVD 88,,ADJUSTED,-28.937,GEOID18,256.799,980293.2,,,,,,,,1,2,,,,CT,277900.,347470.,,,,,,,,C,UNK,1984,GOOD,NGS,,DD = SURVEY DISK,34 = SET IN THE FOOTINGS OF SMALL/MEDIUM STRUCTURES,16 N 9
,20260103,http://www.ngs.noaa.gov/cgi-bin/ds_mark.prl?PidBox=LX1148,LX1148,16 X,,,,CT,FAIRFIELD,GLENVILLE (2018),41 01 41.     (N),073 37 46.     (W),41.0280555556,-73.6294444444,,NAD 83,(1986),,SCALED,35.837,NAVD 88,,ADJUSTED,-30.612,GEOID18,35.825,980277.8,,,,,,,,1,1,,,,CT,174400.,230840.,,,,,,,,C,UNK,1989,POOR,USPSQD,,DD = SURVEY DISK,7 = SET IN TOP OF CONCRETE MONUMENT,16 X
,20260103,http://www.ngs.noaa.gov/cgi-bin/ds_mark.prl?PidBox=LX3178,LX3178,1612,,,,CT,HARTFORD,BROAD BROOK (2018),41 56 05.15   (N),072 31 46.49   (W),41.9347638889,-72.5295805556,,NAD 83,(1986),,HD_HELD1,43.834,NAVD 88,,ADJUSTED,-29.244,GEOID18,43.820,980315.4,,,,,,,,1,2,,,,CT,274750.2,323081.3,,,,,,,,C,1938,20220929,GOOD,CTGS,Y,DD = SURVEY DISK,7 = SET IN TOP OF CONCRETE MONUMENT,1612
,20260103,http://www.ngs.noaa.gov/cgi-bin/ds_mark.prl?PidBox=LX3172,LX3172,1616,,,,CT,HARTFORD,BROAD BROOK (2018),41 55 55.     (N),072 35 21.     (W),41.9319444444,-72.5891666667,,NAD 83,(1986),,SCALED,31.882,NAVD 88,,ADJUSTED,-29.212,GEOID18,31.872,980326.3,,,,,,,,1,2,,,,CT,274430.,318140.,,,,,,,,C,1938,1986,GOOD,NGS,,DD = SURVEY DISK,7 = SET IN TOP OF CONCRETE MONUMENT,1616
,20260103,http://www.ngs.noaa.gov/cgi-bin/ds_mark.prl?PidBox=LX3171,LX3171,1617,,,,CT,HARTFORD,BROAD BROOK (2018),41 55 52.     (N),072 35 38.     (W),41.9311111111,-72.5938888889,,NAD 83,(1986),,SCALED,29.819,NAVD 88,,ADJUSTED,-29.209,GEOID18,29.810,980326.9,,,,,,,,1,2,,,,CT,274330.,317750.,,,,,,,,C,1938,1986,GOOD,NGS,,DD = SURVEY DISK,7 = SET IN TOP OF CONCRETE MONUMENT,1617
,20260103,http://www.ngs.noaa.gov/cgi-bin/ds_mark.prl?PidBox=LX6870,LX6870,162,,,,CT,MIDDLESEX,MIDDLE HADDAM (2018),41 31 27.78068(N),072 33 11.15338(W),41.5243835222,-72.5530981611,,NAD 83,(1996),,ADJUSTED,1.,NAVD 88,,SCALED,-29.746,GEOID18,,,,,,,,,3,,,,,,CT,229165.874,321234.699,+0 07 50.0,0.99998771,18,4599862.218,704156.209,+1 37 21.7,1.00011295,B,1914,1969,GOOD,CGS,,DS = TRIANGULATION STATION DISK,37 = SET IN A MASSIVE RETAINING WALL,U.S.E. 162 1914 1934
,20260103,http://www.ngs.noaa.gov/cgi-bin/ds_mark.prl?PidBox=LX6814,LX6814,163,,,,CT,MIDDLESEX,MIDDLE HADDAM (2018),41 30 41.62609(N),072 33 25.21930(W),41.5115628028,-72.5570053611,,NAD 83,(1996),,ADJUSTED,1.,NAVD 88,,SCALED,-29.761,GEOID18,,,,,,,,,3,,,,,,CT,227741.246,320911.772,+0 07 40.7,0.99998777,18,4598429.481,703870.447,+1 37 10.9,1.00011152,,1934,1934,MONUMENTED,CGS,,,,
,20260103,http://www.ngs.noaa.gov/cgi-bin/ds_mark.prl?PidBox=LW1777,LW1777,165 W,,,,CT,WINDHAM,PUTNAM (2018),41 53 50.     (N),071 57 45.     (W),41.8972222222,-71.9625000000,,NAD 83,(1986),,SCALED,179.355,NAVD 88,,ADJUSTED,-29.553,GEOID18,179.296,980285.5,,,,,,,,1,2,,,,CT,270860.,370150.,,,,,,,,C,1923,20080129,GOOD,GEOCAC,N,DD = SURVEY DISK,80 = SET IN A BOULDER,589 165 W 1923
,20260103,http://www.ngs.noaa.gov/cgi-bin/ds_mark.prl?PidBox=LX2967,LX2967,167 W,,,,CT,TOLLAND,COVENTRY (2018),41 48 12.     (N),072 18 12.     (W),41.8033333333,-72.3033333333,,NAD 83,(1986),,SCALED,122.777,NAVD 88,,ADJUSTED,-29.570,GEOID18,122.734,980278.3,,,,,,,,1,2,,,,CT,260230.,341920.,,,,,,,,A,1923,20231003,GOOD,CTGS,N,DD = SURVEY DISK,66 = SET IN ROCK OUTCROP,404 167 W 1923
,20260103,http://www.ngs.noaa.gov/cgi-bin/ds_mark.prl?PidBox=LX2018,LX2018,1671,,,,CT,LITCHFIELD,NEW HARTFORD (2018),41 55 23.     (N),072 55 54.     (W),41.9230555556,-72.9316666667,,NAD 83,(1986),,SCALED,276.454,NAVD 88,,ADJUSTED,-28.755,GEOID18,276.369,980306.6,,,,,,,,1,2,,,,CT,273440.,289730.,,,,,,,,C,UNK,1984,GOOD,NGS,,DD = SURVEY DISK,7 = SET IN TOP OF CONCRETE MONUMENT,1671
,20260103,http://www.ngs.noaa.gov/cgi-bin/ds_mark.prl?PidBox=LX3019,LX3019,169 W RESET,,,,CT,TOLLAND,STAFFORD SPRINGS (2018),41 54 09.     (N),072 17 14.     (W),41.9025000000,-72.2872222222,,NAD 83,(1986),,SCALED,126.992,NAVD 88,,ADJUSTED,-29.188,GEOID18,126.950,980292.7,,,,,,,,1,2,,,,CT,271250.,343200.,,,,,,,,C,1955,20200206,MARK NOT FOUND,CTGS,,DD = SURVEY DISK,32 = SET IN A RETAINING WALL OR CONCRETE LEDGE,169 W 1923 RESET 1955
,20260103,http://www.ngs.noaa.gov/cgi-bin/ds_mark.prl?PidBox=LX3468,LX3468,17,,,,CT,NEW LONDON,NIANTIC (2018),41 20 33.     (N),072 07 46.     (W),41.3425000000,-72.1294444444,,NAD 83,(1986),,SCALED,15.846,NAVD 88,,ADJUSTED,-30.577,GEOID18,15.840,980274.5,,,,,,,,1,2,,,,CT,209130.,356740.,,,,,,,,D,UNK,19900310,MARK NOT FOUND,USPSQD,,DD = SURVEY DISK,31 = SET IN A PAVEMENT SUCH AS STREET SIDEWALK CURB ETC.,17
,20260103,http://www.ngs.noaa.gov/cgi-bin/ds_mark.prl?PidBox=LW1821,LW1821,1701,,,,CT,NEW LONDON,VOLUNTOWN (2018),41 35 23.     (N),071 51 19.     (W),41.5897222222,-71.8552777778,,NAD 83,(1986),,SCALED,89.602,NAVD 88,,ADJUSTED,-30.280,GEOID18,89.569,980256.1,,,,,,,,1,2,,,,CT,236790.,379400.,,,,,,,,C,1936,1986,GOOD,NGS,,DD = SURVEY DISK,7 = SET IN TOP OF CONCRETE MONUMENT,1701
,20260103,http://www.ngs.noaa.gov/cgi-bin/ds_mark.prl?PidBox=LW1822,LW1822,1702,,,,CT,NEW LONDON,VOLUNTOWN (2018),41 35 05.     (N),071 51 20.     (W),41.5847222222,-71.8555555556,,NAD 83,(1986),,SCALED,83.437,NAVD 88,,ADJUSTED,-30.286,GEOID18,83.406,980257.5,,,,,,,,1,2,,,,CT,236240.,379380.,,,,,,,,C,1936,1986,GOOD,NGS,,DD = SURVEY DISK,7 = SET IN TOP OF CONCRETE MONUMENT,1702
,20260103,http://www.ngs.noaa.gov/cgi-bin/ds_mark.prl?PidBox=LW1715,LW1715,1708 CTGS,,,,CT,NEW LONDON,JEWETT CITY (2018),41 35 40.     (N),071 58 32.     (W),41.5944444444,-71.9755555556,,NAD 83,(1986),,SCALED,61.036,NAVD 88,,ADJUSTED,-30.220,GEOID18,61.015,980282.9,,,,,,,,1,2,,,,CT,237220.,369370.,,,,,,,,C,UNK,1984,GOOD,NGS,,DD = SURVEY DISK,7 = SET IN TOP OF CONCRETE MONUMENT,1708
,20260103,http://www.ngs.noaa.gov/cgi-bin/ds_mark.prl?PidBox=LW1725,LW1725,1709,,,,CT,NEW LONDON,JEWETT CITY (2018),41 30 33.     (N),071 58 59.     (W),41.5091666667,-71.9830555556,,NAD 83,(1986),,SCALED,69.235,NAVD 88,,ADJUSTED,-30.338,GEOID18,69.211,980273.6,,,,,,,,1,2,,,,CT,227740.,368830.,,,,,,,,C,UNK,19901006,GOOD,USPSQD,,DD = SURVEY DISK,7 = SET IN TOP OF CONCRETE MONUMENT,1709
,20260103,http://www.ngs.noaa.gov/cgi-bin/ds_mark.prl?PidBox=LX0055,LX0055,171 W,,,,CT,TOLLAND,STAFFORD SPRINGS (2018),41 57 12.     (N),072 18 10.     (W),41.9533333333,-72.3027777778,,NAD 83,(1986),,SCALED,145.690,NAVD 88,,ADJUSTED,-28.991,GEOID18,145.644,980304.2,,,,,,,,1,2,,,,CT,276890.,341880.,,,,,,,,C,1923,1989,GOOD,USPSQD,,DD = SURVEY DISK,35 = SET IN A MAT FOUNDATION OR CONCRETE SLAB OTHER THAN PAVEMENT,171 W 1923 476
,20260103,http://www.ngs.noaa.gov/cgi-bin/ds_mark.prl?PidBox=LX3118,LX3118,1717,,,,CT,TOLLAND,COLUMBIA (2018),41 42 36.     (N),072 17 07.     (W),41.7100000000,-72.2852777778,,NAD 83,(1986),,SCALED,100.091,NAVD 88,,ADJUSTED,-29.826,GEOID18,100.056,980273.7,,,,,,,,1,2,,,,CT,249870.,343480.,,,,,,,,A,1936,1986,GOOD,NGS,,DD = SURVEY DISK,66 = SET IN ROCK OUTCROP,1717
,20260103,http://www.ngs.noaa.gov/cgi-bin/ds_mark.prl?PidBox=LX3117,LX3117,1718,,,,CT,TOLLAND,COLUMBIA (2018),41 42 28.     (N),072 17 23.     (W),41.7077777778,-72.2897222222,,NAD 83,(1986),,SCALED,116.496,NAVD 88,,ADJUSTED,-29.821,GEOID18,116.455,980272.7,,,,,,,,1,2,,,,CT,249620.,343110.,,,,,,,,C,1936,1986,GOOD,NGS,,DD = SURVEY DISK,7 = SET IN TOP OF CONCRETE MONUMENT,1718
,20260103,http://www.ngs.noaa.gov/cgi-bin/ds_mark.prl?PidBox=LX2106,LX2106,1723,,,,CT,TOLLAND,EASTFORD (2018),41 59 04.     (N),072 06 57.     (W),41.9844444444,-72.1158333333,,NAD 83,(1986),,SCALED,282.631,NAVD 88,,ADJUSTED,-28.996,GEOID18,282.539,980291.0,,,,,,,,1,2,,,,CT,280440.,357360.,,,,,,,,C,1940,20220114,MARK NOT FOUND,CTGS,N,DD = SURVEY DISK,7 = SET IN TOP OF CONCRETE MONUMENT,1723
,20260103,http://www.ngs.noaa.gov/cgi-bin/ds_mark.prl?PidBox=LX2102,LX2102,1727,,,,CT,TOLLAND,WESTFORD (2018),41 59 36.     (N),072 09 12.     (W),41.9933333333,-72.1533333333,,NAD 83,(1986),,SCALED,303.502,NAVD 88,,ADJUSTED,-28.892,GEOID18,303.403,980285.4,,,,,,,,1,2,,,,CT,281400.,354240.,,,,,,,,C,1965,20030424,GOOD,INDIV,,DD = SURVEY DISK,7 = SET IN TOP OF CONCRETE MONUMENT,1727
,20260103,http://www.ngs.noaa.gov/cgi-bin/ds_mark.prl?PidBox=LX2099,LX2099,1728,,,,CT,TOLLAND,WESTFORD (2018),41 59 34.     (N),072 09 22.     (W),41.9927777778,-72.1561111111,,NAD 83,(1986),,SCALED,305.297,NAVD 88,,ADJUSTED,-28.889,GEOID18,305.197,980285.1,,,,,,,,1,2,,,,CT,281340.,354010.,,,,,,,,C,1965,1984,GOOD,NGS,,DD = SURVEY DISK,7 = SET IN TOP OF CONCRETE MONUMENT,1728
,20260103,http://www.ngs.noaa.gov/cgi-bin/ds_mark.prl?PidBox=LW1809,LW1809,1732,,,,CT,WINDHAM,ONECO (2018),41 41 20.     (N),071 51 00.     (W),41.6888888889,-71.8500000000,,NAD 83,(1986),,SCALED,178.683,NAVD 88,,ADJUSTED,-30.103,GEOID18,178.618,980255.2,,,,,,,,1,2,,,,CT,247810.,379730.,,,,,,,,C,1939,19961020,GOOD,USPSQD,,DD = SURVEY DISK,7 = SET IN TOP OF CONCRETE MONUMENT,1732
,20260103,http://www.ngs.noaa.gov/cgi-bin/ds_mark.prl?PidBox=LW1805,LW1805,1737,,,,CT,WINDHAM,PLAINFIELD (2018),41 40 54.     (N),071 53 54.     (W),41.6816666667,-71.8983333333,,NAD 83,(1986),,SCALED,77.768,NAVD 88,,ADJUSTED,-30.129,GEOID18,77.741,980267.8,,,,,,,,1,2,,,,CT,246970.,375710.,,,,,,,,C,1939,19961001,MARK NOT FOUND,USPSQD,,DD = SURVEY DISK,7 = SET IN TOP OF CONCRETE MONUMENT,1737
,20260103,http://www.ngs.noaa.gov/cgi-bin/ds_mark.prl?PidBox=LX3059,LX3059,1739,,,,CT,WINDHAM,SCOTLAND (2018),41 42 33.     (N),072 01 30.     (W),41.7091666667,-72.0250000000,,NAD 83,(1986),,SCALED,172.461,NAVD 88,,ADJUSTED,-29.996,GEOID18,172.400,980264.1,,,,,,,,1,2,,,,CT,249920.,365140.,,,,,,,,C,1940,20200201,GOOD,CTDT,N,DD = SURVEY DISK,7 = SET IN TOP OF CONCRETE MONUMENT,1739
,20260103,http://www.ngs.noaa.gov/cgi-bin/ds_mark.prl?PidBox=LX6150,LX6150,174,,,,CT,MIDDLESEX,HADDAM (2018),41 29 49.86838(N),072 31 23.53281(W),41.4971856611,-72.5232035583,,NAD 83,(1996),,ADJUSTED,1.,NAVD 88,,SCALED,-29.827,GEOID18,,,,,,,,,3,,,,,,CT,226151.355,323737.726,+0 09 01.4,0.99998791,18,4596913.479,706737.215,+1 38 30.0,1.00012601,A,1909,19971029,MARK NOT FOUND,USPSQD,,B = BOLT,66 = SET IN ROCK OUTCROP,US 174
,20260103,http://www.ngs.noaa.gov/cgi-bin/ds_mark.prl?PidBox=LX2075,LX2075,174 W,,,,CT,TOLLAND,ELLINGTON (2018),41 58 57.     (N),072 24 51.     (W),41.9825000000,-72.4141666667,,NAD 83,(1986),,SCALED,162.245,NAVD 88,,ADJUSTED,-29.026,GEOID18,162.194,980306.8,,,,,,,,1,2,,,,CT,280080.,332630.,,,,,,,,A,1923,20041016,GOOD,GEOCAC,,DD = SURVEY DISK,66 = SET IN ROCK OUTCROP,174 W 1923 533
,20260103,http://www.ngs.noaa.gov/cgi-bin/ds_mark.prl?PidBox=LX3060,LX3060,1740,,,,CT,WINDHAM,SCOTLAND (2018),41 42 33.     (N),072 01 20.     (W),41.7091666667,-72.0222222222,,NAD 83,(1986),,SCALED,174.131,NAVD 88,,ADJUSTED,-29.998,GEOID18,174.069,980263.5,,,,,,,,1,2,,,,CT,249930.,365370.,,,,,,,,C,1940,20211222,GOOD,CTGS,Y,DD = SURVEY DISK,7 = SET IN TOP OF CONCRETE MONUMENT,1740
,20260103,http://www.ngs.noaa.gov/cgi-bin/ds_mark.prl?PidBox=LX3131,LX3131,1742,,,,CT,HARTFORD,GLASTONBURY (2018),41 40 30.     (N),072 35 56.     (W),41.6750000000,-72.5988888889,,NAD 83,(1986),,SCALED,30.696,NAVD 88,,ADJUSTED,-29.521,GEOID18,30.686,980309.7,,,,,,,,1,2,,,,CT,245890.,317380.,,,,,,,,C,UNK,1986,GOOD,NGS,,DD = SURVEY DISK,7 = SET IN TOP OF CONCRETE MONUMENT,1742
,20260103,http://www.ngs.noaa.gov/cgi-bin/ds_mark.prl?PidBox=LX3132,LX3132,1743,,,,CT,HARTFORD,GLASTONBURY (2018),41 40 38.     (N),072 35 54.     (W),41.6772222222,-72.5983333333,,NAD 83,(1986),,SCALED,27.097,NAVD 88,,ADJUSTED,-29.521,GEOID18,27.088,980309.7,,,,,,,,1,2,,,,CT,246130.,317430.,,,,,,,,C,UNK,1986,GOOD,NGS,,DD = SURVEY DISK,7 = SET IN TOP OF CONCRETE MONUMENT,1743
,20260103,http://www.ngs.noaa.gov/cgi-bin/ds_mark.prl?PidBox=LX6121,LX6121,176,,,,CT,MIDDLESEX,HADDAM (2018),41 29 40.65730(N),072 30 52.05862(W),41.4946270278,-72.5144607278,,NAD 83,(1996),,ADJUSTED,76.,NAVD 88,,SCALED,-29.842,GEOID18,,,,,,,,,3,,,,,,CT,225869.143,324468.510,+0 09 22.2,0.99997618,18,4596650.342,707475.203,+1 38 50.6,1.00012977,A,1909,1948,GOOD,CGS,,L = ABSOLUTE GRAVITY STATION PLUG,66 = SET IN ROCK OUTCROP,
,20260103,http://www.ngs.noaa.gov/cgi-bin/ds_mark.prl?PidBox=LX2064,LX2064,176 W,,,,CT,HARTFORD,BROAD BROOK (2018),41 59 11.     (N),072 32 21.     (W),41.9863888889,-72.5391666667,,NAD 83,(1986),,SCALED,50.151,NAVD 88,,ADJUSTED,-29.154,GEOID18,50.136,980323.6,,,,,,,,1,2,,,,CT,280480.,322270.,,,,,,,,C,1923,1984,GOOD,NGS,,DD = SURVEY DISK,35 = SET IN A MAT FOUNDATION OR CONCRETE SLAB OTHER THAN PAVEMENT,176 W 1923 165
,20260103,http://www.ngs.noaa.gov/cgi-bin/ds_mark.prl?PidBox=LX3121,LX3121,1763,,,,CT,MIDDLESEX,MIDDLE HADDAM (2018),41 36 07.     (N),072 36 14.     (W),41.6019444444,-72.6038888889,,NAD 83,(1986),,SCALED,9.530,NAVD 88,,ADJUSTED,-29.594,GEOID18,9.527,980308.4,,,,,,,,1,2,,,,CT,237770.,316980.,,,,,,,,C,1938,1986,GOOD,NGS,,DD = SURVEY DISK,7 = SET IN TOP OF CONCRETE MONUMENT,1763
,20260103,http://www.ngs.noaa.gov/cgi-bin/ds_mark.prl?PidBox=LX3074,LX3074,1770,,,,CT,MIDDLESEX,MIDDLE HADDAM (2018),41 33 44.     (N),072 33 23.     (W),41.5622222222,-72.5563888889,,NAD 83,(1986),,SCALED,55.040,NAVD 88,,ADJUSTED,-29.684,GEOID18,55.022,980296.3,,,,,,,,1,2,,,,CT,233370.,320950.,,,,,,,,A,1938,20200615,GOOD,CTGS,Y,DD = SURVEY DISK,66 = SET IN ROCK OUTCROP,1770
,20260103,http://www.ngs.noaa.gov/cgi-bin/ds_mark.prl?PidBox=LX3073,LX3073,1771,,,,CT,MIDDLESEX,MIDDLE HADDAM (2018),41 33 42.     (N),072 33 47.     (W),41.5616666667,-72.5630555556,,NAD 83,(1986),,SCALED,51.971,NAVD 88,,ADJUSTED,-29.679,GEOID18,51.954,980292.9,,,,,,,,1,2,,,,CT,233310.,320400.,,,,,,,,C,1938,19970904,GOOD,USPSQD,,DD = SURVEY DISK,7 = SET IN TOP OF CONCRETE MONUMENT,1771
,20260103,http://www.ngs.noaa.gov/cgi-bin/ds_mark.prl?PidBox=LX3075,LX3075,1772,,,,CT,MIDDLESEX,MIDDLE HADDAM (2018),41 33 44.     (N),072 33 12.     (W),41.5622222222,-72.5533333333,,NAD 83,(1986),,SCALED,57.957,NAVD 88,,ADJUSTED,-29.687,GEOID18,57.938,980293.2,,,,,,,,1,2,,,,CT,233370.,321210.,,,,,,,,C,1938,19970904,GOOD,USPSQD,,DD = SURVEY DISK,7 = SET IN TOP OF CONCRETE MONUMENT,1772
,20260103,http://www.ngs.noaa.gov/cgi-bin/ds_mark.prl?PidBox=LX6124,LX6124,178,,,,CT,MIDDLESEX,HADDAM (2018),41 29 18.59554(N),072 30 36.22316(W),41.4884987611,-72.5100619889,,NAD 83,(1996),,ADJUSTED,6.,NAVD 88,,SCALED,-29.858,GEOID18,,,,,,,,,3,,,,,,CT,225189.541,324837.701,+0 09 32.7,0.99998724,18,4595980.479,707862.009,+1 39 00.4,1.00013175,A,1909,19971202,GOOD,USPSQD,,L = ABSOLUTE GRAVITY STATION PLUG,66 = SET IN ROCK OUTCROP,
,20260103,http://www.ngs.noaa.gov/cgi-bin/ds_mark.prl?PidBox=LX2156,LX2156,1789,,,,CT,TOLLAND,COLUMBIA (2018),41 44 15.     (N),072 22 08.     (W),41.7375000000,-72.3688888889,,NAD 83,(1986),,SCALED,95.262,NAVD 88,,ADJUSTED,-29.654,GEOID18,95.229,980276.1,,,,,,,,1,2,,,,CT,252890.,336510.,,,,,,,,C,UNK,20020129,GOOD,USPSQD,,DD = SURVEY DISK,7 = SET IN TOP OF CONCRETE MONUMENT,1789
,20260103,http://www.ngs.noaa.gov/cgi-bin/ds_mark.prl?PidBox=LX0845,LX0845,180,,,,CT,FAIRFIELD,BRIDGEPORT (2018),41 11 40.     (N),073 12 18.     (W),41.1944444444,-73.2050000000,,NAD 83,(1986),,SCALED,16.393,NAVD 88,,ADJUSTED,-29.833,GEOID18,16.388,980296.4,,,,,,,,1,1,,,,CT,192610.,266630.,,,,,,,,C,UNK,1985,GOOD,NGS,,DD = SURVEY DISK,7 = SET IN TOP OF CONCRETE MONUMENT,180
,20260103,http://www.ngs.noaa.gov/cgi-bin/ds_mark.prl?PidBox=LX0933,LX0933,180,,,,CT,NEW HAVEN,NAUGATUCK (2018),41 28 47.     (N),073 03 06.     (W),41.4797222222,-73.0516666667,,NAD 83,(1986),,SCALED,54.484,NAVD 88,,ADJUSTED,-29.257,GEOID18,54.466,980293.3,,,,,,,,1,2,,,,CT,224230.,279610.,,,,,,,,B,UNK,1988,POOR,USPSQD,,DD = SURVEY DISK,36 = SET IN A MASSIVE STRUCTURE,180 USGS
,20260103,http://www.ngs.noaa.gov/cgi-bin/ds_mark.prl?PidBox=LX6117,LX6117,180,,,,CT,MIDDLESEX,HADDAM (2018),41 29 07.47888(N),072 30 24.73581(W),41.4854108000,-72.5068710583,,NAD 83,(1996),,ADJUSTED,3.,NAVD 88,,SCALED,-29.868,GEOID18,,,,,,,,,3,,,,,,CT,224847.333,325105.138,+0 09 40.4,0.99998775,18,4595645.296,708138.301,+1 39 07.6,1.00013316,A,1909,1948,GOOD,CGS,,L = ABSOLUTE GRAVITY STATION PLUG,66 = SET IN ROCK OUTCROP,
,20260103,http://www.ngs.noaa.gov/cgi-bin/ds_mark.prl?PidBox=LX2516,LX2516,1802,,,,CT,NEW HAVEN,NAUGATUCK (2018),41 23 45.     (N),073 04 18.     (W),41.3958333333,-73.0716666667,,NAD 83,(1986),,SCALED,30.049,NAVD 88,,ADJUSTED,-29.386,GEOID18,30.040,980317.4,,,,,,,,1,2,,,,CT,214920.,277900.,,,,,,,,C,UNK,1985,GOOD,NGS,,DD = SURVEY DISK,32 = SET IN A RETAINING WALL OR CONCRETE LEDGE,1802
,20260103,http://www.ngs.noaa.gov/cgi-bin/ds_mark.prl?PidBox=LX2515,LX2515,1803 X,,,,CT,NEW HAVEN,NAUGATUCK (2018),41 23 55.     (N),073 04 06.     (W),41.3986111111,-73.0683333333,,NAD 83,(1986),,SCALED,39.640,NAVD 88,,ADJUSTED,-29.380,GEOID18,39.628,980316.1,,,,,,,,1,2,,,,CT,215230.,278180.,,,,,,,,C,UNK,20220419,GOOD,CTGS,N,DD = SURVEY DISK,7 = SET IN TOP OF CONCRETE MONUMENT,1803 X
,20260103,http://www.ngs.noaa.gov/cgi-bin/ds_mark.prl?PidBox=LX2724,LX2724,1806,,,,CT,NEW HAVEN,MOUNT CARMEL (2018),41 29 46.     (N),072 54 10.     (W),41.4961111111,-72.9027777778,,NAD 83,(1986),,SCALED,80.726,NAVD 88,,ADJUSTED,-29.319,GEOID18,80.701,980312.1,,,,,,,,1,2,,,,CT,226020.,292040.,,,,,,,,C,1938,19910505,GOOD,USPSQD,,DD = SURVEY DISK,7 = SET IN TOP OF CONCRETE MONUMENT,1806
,20260103,http://www.ngs.noaa.gov/cgi-bin/ds_mark.prl?PidBox=LX2031,LX2031,182 W,,,,CT,HARTFORD,TARIFFVILLE (2018),41 57 13.3    (N),072 47 20.8    (W),41.9536944444,-72.7891111111,,NAD 83,(1986),,HD_HELD2,65.191,NAVD 88,,ADJUSTED,-28.933,GEOID18,65.172,980340.9,,,,,,,,1,2,,,,CT,276830.,301558.,,,,,,,,B,1923,1984,GOOD,NGS,,DD = SURVEY DISK,36 = SET IN A MASSIVE STRUCTURE,182 W 1923 215
,20260103,http://www.ngs.noaa.gov/cgi-bin/ds_mark.prl?PidBox=LX2728,LX2728,1820 X,,,,CT,NEW HAVEN,SOUTHINGTON (2018),41 30 57.     (N),072 53 52.     (W),41.5158333333,-72.8977777778,,NAD 83,(1986),,SCALED,63.741,NAVD 88,,ADJUSTED,-29.301,GEOID18,63.721,980313.9,,,,,,,,1,2,,,,CT,228210.,292470.,,,,,,,,C,1962,1985,GOOD,NGS,,DD = SURVEY DISK,7 = SET IN TOP OF CONCRETE MONUMENT,1820 X
,20260103,http://www.ngs.noaa.gov/cgi-bin/ds_mark.prl?PidBox=LX3061,LX3061,1821,,,,CT,WINDHAM,SCOTLAND (2018),41 42 32.27   (N),072 01 13.06   (W),41.7089638889,-72.0202944444,,NAD 83,(1986),,HD_HELD1,165.521,NAVD 88,,ADJUSTED,-29.999,GEOID18,165.462,980263.8,,,,,,,,1,2,,,,CT,249903.8,365530.5,,,,,,,,A,1939,20200716,GOOD,CTDTGS,Y,DD = SURVEY DISK,66 = SET IN ROCK OUTCROP,1821
,20260103,http://www.ngs.noaa.gov/cgi-bin/ds_mark.prl?PidBox=LX2027,LX2027,183 W,,,,CT,HARTFORD,TARIFFVILLE (2018),41 57 22.     (N),072 50 28.     (W),41.9561111111,-72.8411111111,,NAD 83,(1986),,SCALED,113.881,NAVD 88,,ADJUSTED,-28.829,GEOID18,113.848,980329.8,,,,,,,,1,2,,,,CT,277100.,297250.,,,,,,,,A,1923,20191218,GOOD,CTDTGS,N,DD = SURVEY DISK,66 = SET IN ROCK OUTCROP,183 W 1923 375
,20260103,http://www.ngs.noaa.gov/cgi-bin/ds_mark.prl?PidBox=LX2522,LX2522,185,,,,CT,FAIRFIELD,ANSONIA (2018),41 18 38.89   (N),073 05 14.43   (W),41.3108027778,-73.0873416667,,NAD 83,(1986),,HD_HELD1,34.250,NAVD 88,,ADJUSTED,-29.568,GEOID18,34.239,980304.7,,,,,,,,1,2,,,,CT,205481.9,276552.4,,,,,,,,C,UNK,1985,GOOD,NGS,,DD = SURVEY DISK,7 = SET IN TOP OF CONCRETE MONUMENT,185
,20260103,http://www.ngs.noaa.gov/cgi-bin/ds_mark.prl?PidBox=LX6026,LX6026,185,,,,CT,MIDDLESEX,DEEP RIVER (2018),41 28 25.66091(N),072 29 39.84352(W),41.4737946972,-72.4944009778,,NAD 83,(1996),,ADJUSTED,27.,NAVD 88,,SCALED,-29.902,GEOID18,,,,,,,,,3,,,,,,CT,223560.244,326150.370,+0 10 10.1,0.99998418,18,4594385.642,709216.827,+1 39 36.0,1.00013870,C,1909,1948,SEE DESCRIPTION,CGS,,L = ABSOLUTE GRAVITY STATION PLUG,80 = SET IN A BOULDER,U. S. 105
,20260103,http://www.ngs.noaa.gov/cgi-bin/ds_mark.prl?PidBox=MZ2699,MZ2699,185 A,,,,CT,HARTFORD,SPRINGFIELD SOUTH (2018),42 01 25.94675(N),072 35 23.49842(W),42.0238740972,-72.5898606722,,NAD 83,(1996),,NO CHECK,42.,NAVD 88,,VERTCON3,-29.077,GEOID18,,,,,,,,,2,,,,,,CT,284637.037,318063.568,+0 06 22.3,1.00001763,18,4655237.246,699533.588,+1 36 50.3,1.00008992,D,1970,1970,MONUMENTED,MAGS,,N = NAIL,0 = UNSPECIFIED SETTING,
,20260103,http://www.ngs.noaa.gov/cgi-bin/ds_mark.prl?PidBox=LW1714,LW1714,1852 CTGS,,,,CT,NEW LONDON,JEWETT CITY (2018),41 36 30.61   (N),071 58 49.81   (W),41.6085027778,-71.9805027778,,NAD 83,(1986),,HD_HELD1,48.671,NAVD 88,,ADJUSTED,-30.201,GEOID18,48.654,980282.3,,,,,,,,1,2,,,,CT,238775.3,368941.4,,,,,,,,C,UNK,20221116,GOOD,CTGS,Y,DD = SURVEY DISK,7 = SET IN TOP OF CONCRETE MONUMENT,1852
,20260103,http://www.ngs.noaa.gov/cgi-bin/ds_mark.prl?PidBox=LW1663,LW1663,1853 CTGS,,,,CT,NEW LONDON,JEWETT CITY (2018),41 36 17.17   (N),071 59 02.91   (W),41.6047694444,-71.9841416667,,NAD 83,(1986),,HD_HELD1,35.799,NAVD 88,,ADJUSTED,-30.204,GEOID18,35.787,980283.3,,,,,,,,1,2,,,,CT,238358.0,368641.8,,,,,,,,C,UNK,20230222,GOOD,CTGS,Y,DD = SURVEY DISK,7 = SET IN TOP OF CONCRETE MONUMENT,1853
,20260103,http://www.ngs.noaa.gov/cgi-bin/ds_mark.prl?PidBox=LX3332,LX3332,1854,,,,CT,NEW LONDON,PALMERTOWN (2018),41 25 40.16   (N),072 12 54.75   (W),41.4278222222,-72.2152083333,,NAD 83,(1986),,HD_HELD1,47.723,NAVD 88,,ADJUSTED,-30.333,GEOID18,47.706,980277.0,,,,,,,,1,2,,,,CT,218561.3,349502.2,,,,,,,,C,1939,20200201,GOOD,CTDT,N,DD = SURVEY DISK,7 = SET IN TOP OF CONCRETE MONUMENT,1854
,20260103,http://www.ngs.noaa.gov/cgi-bin/ds_mark.prl?PidBox=LX2813,LX2813,1861,,,,CT,MIDDLESEX,MIDDLETOWN (2018),41 31 02.     (N),072 40 07.     (W),41.5172222222,-72.6686111111,,NAD 83,(1986),,SCALED,71.492,NAVD 88,,ADJUSTED,-29.604,GEOID18,71.468,980289.9,,,,,,,,1,2,,,,CT,228360.,311590.,,,,,,,,C,1940,20211013,GOOD,CTGS,Y,DD = SURVEY DISK,7 = SET IN TOP OF CONCRETE MONUMENT,1861
,20260103,http://www.ngs.noaa.gov/cgi-bin/ds_mark.prl?PidBox=LX2812,LX2812,1862,,,,CT,MIDDLESEX,MIDDLETOWN (2018),41 31 02.     (N),072 40 04.     (W),41.5172222222,-72.6677777778,,NAD 83,(1986),,SCALED,62.877,NAVD 88,,ADJUSTED,-29.605,GEOID18,62.856,980289.8,,,,,,,,1,2,,,,CT,228360.,311660.,,,,,,,,C,1940,1985,GOOD,NGS,,DD = SURVEY DISK,7 = SET IN TOP OF CONCRETE MONUMENT,1862
,20260103,http://www.ngs.noaa.gov/cgi-bin/ds_mark.prl?PidBox=LX2873,LX2873,1864,,,,CT,NEW HAVEN,WALLINGFORD (2018),41 24 46.     (N),072 45 23.     (W),41.4127777778,-72.7563888889,,NAD 83,(1986),,SCALED,87.858,NAVD 88,,ADJUSTED,-29.638,GEOID18,87.829,980286.6,,,,,,,,1,2,,,,CT,216750.,304270.,,,,,,,,C,1940,1985,GOOD,NGS,,DD = SURVEY DISK,7 = SET IN TOP OF CONCRETE MONUMENT,1864
,20260103,http://www.ngs.noaa.gov/cgi-bin/ds_mark.prl?PidBox=LX2005,LX2005,189 W,,,,CT,LITCHFIELD,WINSTED (2018),41 55 15.     (N),073 03 33.     (W),41.9208333333,-73.0591666667,,NAD 83,(1986),,SCALED,217.225,NAVD 88,,ADJUSTED,-28.922,GEOID18,217.155,980296.9,,,,,,,,1,2,,,,CT,273230.,279150.,,,,,,,,C,1923,20211206,GOOD,CTDT,N,DD = SURVEY DISK,35 = SET IN A MAT FOUNDATION OR CONCRETE SLAB OTHER THAN PAVEMENT,714 189 W 1923
,20260103,http://www.ngs.noaa.gov/cgi-bin/ds_mark.prl?PidBox=LX2868,LX2868,19,,,,CT,NEW HAVEN,WALLINGFORD (2018),41 24 14.     (N),072 46 56.     (W),41.4038888889,-72.7822222222,,NAD 83,(1986),,SCALED,59.354,NAVD 88,,ADJUSTED,-29.646,GEOID18,59.334,980291.7,,,,,,,,1,2,,,,CT,215770.,302110.,,,,,,,,C,1940,1985,GOOD,NGS,,DD = SURVEY DISK,7 = SET IN TOP OF CONCRETE MONUMENT,19
,20260103,http://www.ngs.noaa.gov/cgi-bin/ds_mark.prl?PidBox=LX0637,LX0637,19 A CU,,,,CT,LITCHFIELD,LITCHFIELD (2018),41 44 49.8    (N),073 11 23.0    (W),41.7471666667,-73.1897222222,,NAD 83,(1986),,HD_HELD2,332.483,NAVD 88,,ADJUSTED,-29.211,GEOID18,332.369,980270.1,,,,,,,,1,2,,,,CT,253984.,268226.,,,,,,,,D,UNK,1985,GOOD,NGS,,DD = SURVEY DISK,30 = SET IN A LIGHT STRUCTURE,8
,20260103,http://www.ngs.noaa.gov/cgi-bin/ds_mark.prl?PidBox=LX0636,LX0636,19 CU,,,,CT,LITCHFIELD,LITCHFIELD (2018),41 44 52.13   (N),073 11 26.12   (W),41.7478138889,-73.1905888889,,NAD 83,(1986),,HD_HELD1,333.335,NAVD 88,,ADJUSTED,-29.213,GEOID18,333.221,980269.8,,,,,,,,1,2,,,,CT,254055.8,268154.2,,,,,,,,D,UNK,20200716,GOOD,CTDTGS,N,DD = SURVEY DISK,31 = SET IN A PAVEMENT SUCH AS STREET SIDEWALK CURB ETC.,19
,20260103,http://www.ngs.noaa.gov/cgi-bin/ds_mark.prl?PidBox=LX2011,LX2011,190 W,,,,CT,LITCHFIELD,WINSTED (2018),41 54 39.     (N),073 00 15.     (W),41.9108333333,-73.0041666667,,NAD 83,(1986),,SCALED,172.991,NAVD 88,,ADJUSTED,-28.850,GEOID18,172.938,980310.7,,,,,,,,1,2,,,,CT,272100.,283710.,,,,,,,,C,1923,1985,GOOD,NGS,,DB = BENCH MARK DISK,80 = SET IN A BOULDER,190 W 1923 596
,20260103,http://www.ngs.noaa.gov/cgi-bin/ds_mark.prl?PidBox=LX0549,LX0549,191 W,,,,CT,LITCHFIELD,NEW HARTFORD (2018),41 52 38.     (N),072 58 38.     (W),41.8772222222,-72.9772222222,,NAD 83,(1986),,SCALED,122.952,NAVD 88,,ADJUSTED,-28.844,GEOID18,122.914,980312.8,,,,,,,,2,0,,,,CT,268360.,285940.,,,,,,,,B,1923,1967,GOOD,CGS,,DD = SURVEY DISK,36 = SET IN A MASSIVE STRUCTURE,191 W 1923 404
,20260103,http://www.ngs.noaa.gov/cgi-bin/ds_mark.prl?PidBox=LW3533,LW3533,192,,,,CT,WINDHAM,ONECO (2018),41 41 53.37161(N),071 47 20.49729(W),41.6981587806,-71.7890270250,,NAD 83,(1996),,ADJUSTED,118.27,NAVD 88,,VERTCON3,-30.066,GEOID18,,,,,,,,,2,,,,,,CT,248892.113,384790.431,+0 38 13.9,0.99997342,19,4620023.057,267920.362,-1 51 22.0,1.00026285,C,1937,20180409,GOOD,GEOCAC,,DD = SURVEY DISK,7 = SET IN TOP OF CONCRETE MONUMENT,192
,20260103,http://www.ngs.noaa.gov/cgi-bin/ds_mark.prl?PidBox=LX2692,LX2692,192 W,,,,CT,HARTFORD,COLLINSVILLE (2018),41 50 34.     (N),072 56 18.     (W),41.8427777778,-72.9383333333,,NAD 83,(1986),,SCALED,99.419,NAVD 88,,ADJUSTED,-28.867,GEOID18,99.390,980327.8,,,,,,,,1,2,,,,CT,264530.,289160.,,,,,,,,C,1923,1985,GOOD,NGS,,DD = SURVEY DISK,80 = SET IN A BOULDER,192 W 1923 327
,20260103,http://www.ngs.noaa.gov/cgi-bin/ds_mark.prl?PidBox=LX3029,LX3029,1922,,,,CT,TOLLAND,COVENTRY (2018),41 49 18.97   (N),072 15 34.94   (W),41.8219361111,-72.2597055556,,NAD 83,(1986),,HD_HELD1,201.277,NAVD 88,,ADJUSTED,-29.531,GEOID18,201.209,980281.1,,,,,,,,1,2,,,,CT,262310.5,345534.5,,,,,,,,C,UNK,1986,GOOD,NGS,,DD = SURVEY DISK,7 = SET IN TOP OF CONCRETE MONUMENT,1922
,20260103,http://www.ngs.noaa.gov/cgi-bin/ds_mark.prl?PidBox=LX3038,LX3038,1926,,,,CT,TOLLAND,SPRING HILL (2018),41 45 58.     (N),072 11 56.     (W),41.7661111111,-72.1988888889,,NAD 83,(1986),,SCALED,82.281,NAVD 88,,ADJUSTED,-29.792,GEOID18,82.253,980277.1,,,,,,,,1,2,,,,CT,256140.,350630.,,,,,,,,C,UNK,1986,GOOD,NGS,,DD = SURVEY DISK,7 = SET IN TOP OF CONCRETE MONUMENT,1926
,20260103,http://www.ngs.noaa.gov/cgi-bin/ds_mark.prl?PidBox=LX3039,LX3039,1927,,,,CT,TOLLAND,SPRING HILL (2018),41 45 43.     (N),072 11 46.     (W),41.7619444444,-72.1961111111,,NAD 83,(1986),,SCALED,81.062,NAVD 88,,ADJUSTED,-29.807,GEOID18,81.034,980278.4,,,,,,,,1,2,,,,CT,255680.,350860.,,,,,,,,C,UNK,1986,GOOD,NGS,,DD = SURVEY DISK,7 = SET IN TOP OF CONCRETE MONUMENT,1927
,20260103,http://www.ngs.noaa.gov/cgi-bin/ds_mark.prl?PidBox=LX0399,LX0399,193,,,,CT,NEW HAVEN,NEW HAVEN (2018),41 16 22.9    (N),072 53 48.6    (W),41.2730277778,-72.8968333333,,NAD 83,(1986),,HD_HELD2,20.152,NAVD 88,,ADJUSTED,-29.885,GEOID18,20.146,980300.6,,,,,,,,1,1,,,,CT,201242.,292498.,,,,,,,,C,UNK,20230812,GOOD,USPSQD,,DD = SURVEY DISK,7 = SET IN TOP OF CONCRETE MONUMENT,193
