FeatureId,DATA_DATE,DATA_SRCE,PID,NAME,HT_MOD,CORS_ID,PACS_SACS,STATE,COUNTY,QUAD,LATITUDE,LONGITUDE,DEC_LAT,DEC_LON,ELLIP_HT,POS_DATUM,DATUM_TAG,POS_EPOCH,POS_SRCE,ORTHO_HT,VERT_DATUM,VERT_EPOCH,VERT_SRCE,GEOID_HT,GEOID_MOD,DYNAMIC_HT,MODEL_GRAV,N_ACC_HZ,N_ACC_EH,N_ACC_STDN,N_ACC_STDE,N_ACC_STDH,N_ACC_CORR,POS_ORDER,VERT_ORDER,VERT_CLASS,ECEF_X,ECEF_Y,ECEF_Z,SPC_ZONE,SPC_NORTH,SPC_EAST,SPC_CONV,SPC_CSF,UTM_ZONE,UTM_NORTH,UTM_EAST,UTM_CONV,UTM_CSF,STABILITY,FIRST_RECV,LAST_RECV,LAST_COND,LAST_RECBY,SAT_USE,MARKER,SETTING,STAMPING
,20260103,http://www.ngs.noaa.gov/cgi-bin/ds_mark.prl?PidBox=JU2507,JU2507,0658 B,,,,DE,NEW CASTLE,WILMINGTON SOUTH (2016),39 43 26.17833(N),075 33 34.82675(W),39.7239384250,-75.5596740972,,NAD 83,(1991),,ADJUSTED,2.8,NAVD 88,,VERTCON3,-32.963,GEOID18,,,,,,,,,3,,,,,,DE,191388.170,187739.068,-0 05 29.0,1.00000158,18,4397267.536,452034.419,-0 21 27.7,0.99962832,B,1982,19930130,GOOD,USPSQD,,DD = SURVEY DISK,38 = SET IN THE ABUTMENT OR PIER OF A LARGE BRIDGE,0658 B 1982
,20260103,http://www.ngs.noaa.gov/cgi-bin/ds_mark.prl?PidBox=JU2508,JU2508,0714 A,,,,DE,NEW CASTLE,WILMINGTON SOUTH (2016),39 43 14.99459(N),075 31 44.08154(W),39.7208318306,-75.5289115389,,NAD 83,(1991),,NO CHECK,2.,NAVD 88,,VERTCON3,-33.003,GEOID18,,,,,,,,,3,,,,,,DE,191039.493,190376.105,-0 04 18.2,1.00000096,18,4396906.742,454668.833,-0 20 16.8,0.99962530,C,1982,1982,MONUMENTED,NOS,,DD = SURVEY DISK,35 = SET IN A MAT FOUNDATION OR CONCRETE SLAB OTHER THAN PAVEMENT,0714 A 1982
,20260103,http://www.ngs.noaa.gov/cgi-bin/ds_mark.prl?PidBox=AA9307,AA9307,0N4 A,,,PACS,DE,KENT,LITTLE CREEK (2016),39 11 57.18157(N),075 29 13.14069(W),39.1992171028,-75.4869835250,-28.001,NAD 83,(2011),2010.00,ADJUSTED,6.304,NAVD 88,,ADJUSTED,-34.295,GEOID18,6.301,980095.0,3.02,4.57,0.79,1.47,2.33,0.11490678,,1,2,1240308.672,-4791427.022,4009462.890,DE,133124.217,193925.852,-0 02 40.0,0.99999984,18,4338997.243,457949.645,-0 18 28.0,0.99962177,B,1994,20110929,GOOD,USFWS,Y,F = FLANGE-ENCASED ROD,59 = STAINLESS STEEL ROD IN SLEEVE (10 FT.+),0N4 A 1994
,20260103,http://www.ngs.noaa.gov/cgi-bin/ds_mark.prl?PidBox=AA9308,AA9308,0N4 B,,,SACS,DE,KENT,LITTLE CREEK (2016),39 12 06.84503(N),075 29 06.72288(W),39.2019013972,-75.4852008000,-28.073,NAD 83,(2011),2010.00,ADJUSTED,6.222,NAVD 88,,ADJUSTED,-34.287,GEOID18,6.219,980095.4,3.24,5.15,0.99,1.53,2.63,0.09887851,,1,2,1240410.533,-4791206.034,4009693.782,DE,133422.106,194080.073,-0 02 35.9,0.99999983,18,4339294.309,458105.176,-0 18 24.0,0.99962161,C,1994,20110901,GOOD,USFWS,Y,DD = SURVEY DISK,7 = SET IN TOP OF CONCRETE MONUMENT,0N4 B 1994
,20260103,http://www.ngs.noaa.gov/cgi-bin/ds_mark.prl?PidBox=AA9309,AA9309,0N4 C,,,SACS,DE,KENT,LITTLE CREEK (2016),39 12 17.56644(N),075 28 59.52511(W),39.2048795667,-75.4832014194,-27.970,NAD 83,(2011),2010.00,ADJUSTED,6.316,NAVD 88,,ADJUSTED,-34.279,GEOID18,6.312,980095.9,3.24,5.15,0.99,1.53,2.63,0.09887616,,1,2,1240525.360,-4790960.510,4009950.057,DE,133752.610,194253.021,-0 02 31.4,0.99999980,18,4339623.891,458279.576,-0 18 19.6,0.99962143,C,1994,20171102,GOOD,INDIV,Y,DD = SURVEY DISK,7 = SET IN TOP OF CONCRETE MONUMENT,0N4 C 1994
,20260103,http://www.ngs.noaa.gov/cgi-bin/ds_mark.prl?PidBox=HU0873,HU0873,1,,,,DE,KENT,HARRINGTON (2016),38 55 03.     (N),075 30 20.     (W),38.9175000000,-75.5055555556,,NAD 83,(1986),,SCALED,15.320,NAVD 88,,ADJUSTED,-35.205,GEOID18,15.311,980042.9,,,,,,,,1,2,,,,DE,101850.,192290.,,,,,,,,C,UNK,1963,MARK NOT FOUND,PRR,,B = BOLT,7 = SET IN TOP OF CONCRETE MONUMENT,
,20260103,http://www.ngs.noaa.gov/cgi-bin/ds_mark.prl?PidBox=HU0050,HU0050,1,,,,DE,SUSSEX,MISPILLION RIVER (2016),38 56 50.     (N),075 18 55.     (W),38.9472222222,-75.3152777778,,NAD 83,(1986),,SCALED,1.003,NAVD 88,,ADJUSTED,-35.290,GEOID18,1.002,980050.7,,,,,,,,1,2,,,,DE,105150.,208790.,,,,,,,,D,UNK,19910701,MARK NOT FOUND,USGS,,Q = CHISELED SQUARE,31 = SET IN A PAVEMENT SUCH AS STREET SIDEWALK CURB ETC.,
,20260103,http://www.ngs.noaa.gov/cgi-bin/ds_mark.prl?PidBox=HU0379,HU0379,1,,,,DE,SUSSEX,ASSAWOMAN BAY (2016),38 27 04.50608(N),075 03 17.56317(W),38.4512516889,-75.0548786583,,NAD 83,(1991),,ADJUSTED,3.207,NAVD 88,,ADJUSTED,-35.924,GEOID18,3.205,980019.4,,,,,,,2,2,0,,,,DE,50151.030,231580.918,+0 13 29.9,1.00001241,18,4255885.687,495211.474,-0 02 02.9,0.99960028,C,UNK,20200605,GOOD,WTBALL,Y,DD = SURVEY DISK,7 = SET IN TOP OF CONCRETE MONUMENT,NO 1
,20260103,http://www.ngs.noaa.gov/cgi-bin/ds_mark.prl?PidBox=HU2112,HU2112,1,,,,DE,SUSSEX,FAIRMOUNT (2016),38 43 25.     (N),075 07 51.     (W),38.7236111111,-75.1308333333,,NAD 83,(1986),,SCALED,8.410,NAVD 88,,ADJUSTED,-35.674,GEOID18,8.405,980033.8,,,,,,,,2,1,,,,DE,80360.,224860.,,,,,,,,D,1989,1989,MONUMENTED,SCS,N,DU = BOUNDARY MARKER,0 = UNSPECIFIED SETTING,
,20260103,http://www.ngs.noaa.gov/cgi-bin/ds_mark.prl?PidBox=JU4296,JU4296,1,,,,DE,NEW CASTLE,WILMINGTON NORTH (2016),39 49 42.     (N),075 31 28.     (W),39.8283333333,-75.5244444444,,NAD 83,(1986),,SCALED,132.68,NAVD 88,,VERTCON3,-32.876,GEOID18,,,,,,,,,,,,,,,DE,202980.,190770.,,,,,,,,C,UNK,20130308,MARK NOT FOUND,DELCOS,,Q = CHISELED SQUARE,35 = SET IN A MAT FOUNDATION OR CONCRETE SLAB OTHER THAN PAVEMENT,
,20260103,http://www.ngs.noaa.gov/cgi-bin/ds_mark.prl?PidBox=JU1920,JU1920,10,,,,DE,NEW CASTLE,SAINT GEORGES (2016),39 36 04.7    (N),075 41 24.2    (W),39.6013055556,-75.6900555556,,NAD 83,(1986),,HD_HELD2,19.183,NAVD 88,,ADJUSTED,-33.129,GEOID18,19.174,980154.1,,,,,,,,1,1,,,,DE,177798.,176519.,,,,,,,,B,UNK,20130711,GOOD,DELCOS,N,B = BOLT,36 = SET IN A MASSIVE STRUCTURE,
,20260103,http://www.ngs.noaa.gov/cgi-bin/ds_mark.prl?PidBox=JU1925,JU1925,11,,,,DE,NEW CASTLE,SAINT GEORGES (2016),39 34 44.1    (N),075 41 42.1    (W),39.5789166667,-75.6950277778,,NAD 83,(1986),,HD_HELD2,16.953,NAVD 88,,ADJUSTED,-33.186,GEOID18,16.945,980149.2,,,,,,,,1,1,,,,DE,175314.,176084.,,,,,,,,B,UNK,20130711,GOOD,DELCOS,N,B = BOLT,36 = SET IN A MASSIVE STRUCTURE,
,20260103,http://www.ngs.noaa.gov/cgi-bin/ds_mark.prl?PidBox=JU1930,JU1930,11 10,,,,DE,NEW CASTLE,SAINT GEORGES (2016),39 32 45.     (N),075 42 09.     (W),39.5458333333,-75.7025000000,,NAD 83,(1986),,SCALED,16.018,NAVD 88,,ADJUSTED,-33.287,GEOID18,16.010,980139.8,,,,,,,,1,1,,,,DE,171640.,175430.,,,,,,,,B,UNK,1981,MARK NOT FOUND,UDE,,B = BOLT,36 = SET IN A MASSIVE STRUCTURE,
,20260103,http://www.ngs.noaa.gov/cgi-bin/ds_mark.prl?PidBox=JU1062,JU1062,13,,,,DE,KENT,FREDERICA (2016),39 07 11.     (N),075 28 37.     (W),39.1197222222,-75.4769444444,,NAD 83,(1986),,SCALED,5.265,NAVD 88,,ADJUSTED,-34.609,GEOID18,5.262,980078.1,,,,,,,,1,1,,,,DE,124300.,194790.,,,,,,,,C,UNK,19910801,MARK NOT FOUND,USGS,Y,DD = SURVEY DISK,7 = SET IN TOP OF CONCRETE MONUMENT,13
,20260103,http://www.ngs.noaa.gov/cgi-bin/ds_mark.prl?PidBox=JU1923,JU1923,14/54,,,,DE,NEW CASTLE,SAINT GEORGES (2016),39 35 51.9    (N),075 41 27.5    (W),39.5977500000,-75.6909722222,,NAD 83,(1986),,HD_HELD2,18.872,NAVD 88,,ADJUSTED,-33.137,GEOID18,18.863,980153.4,,,,,,,,1,1,,,,DE,177404.,176439.,,,,,,,,B,UNK,1963,GOOD,CGS,,B = BOLT,36 = SET IN A MASSIVE STRUCTURE,
,20260103,http://www.ngs.noaa.gov/cgi-bin/ds_mark.prl?PidBox=JU1068,JU1068,17,,,,DE,NEW CASTLE,MIDDLETOWN (2016),39 26 58.     (N),075 43 16.     (W),39.4494444444,-75.7211111111,,NAD 83,(1986),,SCALED,19.386,NAVD 88,,ADJUSTED,-33.519,GEOID18,19.377,980120.0,,,,,,,,1,1,,,,DE,160950.,173800.,,,,,,,,D,UNK,19891106,MARK NOT FOUND,USGS,,B = BOLT,30 = SET IN A LIGHT STRUCTURE,
,20260103,http://www.ngs.noaa.gov/cgi-bin/ds_mark.prl?PidBox=JU1804,JU1804,2 70,,,,DE,NEW CASTLE,DELAWARE CITY (2016),39 33 45.     (N),075 34 06.     (W),39.5625000000,-75.5683333333,,NAD 83,(1986),,SCALED,5.323,NAVD 88,,ADJUSTED,-33.420,GEOID18,5.320,980127.8,,,,,,,,1,1,,,,DE,173470.,186970.,,,,,,,,C,UNK,19891030,MARK NOT FOUND,USGS,,DD = SURVEY DISK,7 = SET IN TOP OF CONCRETE MONUMENT,2-70
,20260103,http://www.ngs.noaa.gov/cgi-bin/ds_mark.prl?PidBox=HU0048,HU0048,2 A,,,,DE,SUSSEX,MISPILLION RIVER (2016),38 56 50.     (N),075 18 55.     (W),38.9472222222,-75.3152777778,,NAD 83,(1986),,SCALED,1.035,NAVD 88,,ADJUSTED,-35.290,GEOID18,1.034,980050.7,,,,,,,,1,2,,,,DE,105150.,208790.,,,,,,,,D,UNK,1962,MARK NOT FOUND,CGS,,V = STONE MONUMENT,9 = POST (STONE OR PRECAST CONCRETE),
,20260103,http://www.ngs.noaa.gov/cgi-bin/ds_mark.prl?PidBox=JU0808,JU0808,20 A,,,,DE,NEW CASTLE,MARCUS HOOK (2019),39 45 19.     (N),075 29 36.     (W),39.7552777778,-75.4933333333,,NAD 83,(1986),,SCALED,7.192,NAVD 88,,ADJUSTED,-32.963,GEOID18,7.189,980174.0,,,,,,,,1,2,,,,DE,194860.,193430.,,,,,,,,B,UNK,1981,MARK NOT FOUND,UDE,,B = BOLT,36 = SET IN A MASSIVE STRUCTURE,
,20260103,http://www.ngs.noaa.gov/cgi-bin/ds_mark.prl?PidBox=JU1077,JU1077,21,,,,DE,NEW CASTLE,CLAYTON (2016),39 20 55.     (N),075 40 02.     (W),39.3486111111,-75.6672222222,,NAD 83,(1986),,SCALED,14.806,NAVD 88,,ADJUSTED,-33.698,GEOID18,14.798,980114.1,,,,,,,,1,1,,,,DE,149740.,178400.,,,,,,,,C,UNK,19901106,GOOD,NGS,N,Z = SEE DESCRIPTION,32 = SET IN A RETAINING WALL OR CONCRETE LEDGE,
,20260103,http://www.ngs.noaa.gov/cgi-bin/ds_mark.prl?PidBox=JU1371,JU1371,23,,,,DE,NEW CASTLE,WILMINGTON SOUTH (2016),39 44 21.     (N),075 32 14.     (W),39.7391666667,-75.5372222222,,NAD 83,(1986),,SCALED,9.238,NAVD 88,,ADJUSTED,-32.950,GEOID18,9.234,980174.9,,,,,,,,1,1,,,,DE,193080.,189670.,,,,,,,,B,UNK,20081020,GOOD,DEDT,N,B = BOLT,36 = SET IN A MASSIVE STRUCTURE,
,20260103,http://www.ngs.noaa.gov/cgi-bin/ds_mark.prl?PidBox=HU0119,HU0119,25 RESET,,,,DE,SUSSEX,REHOBOTH BEACH (2016),38 42 52.     (N),075 05 34.     (W),38.7144444444,-75.0927777778,,NAD 83,(1986),,SCALED,7.187,NAVD 88,,ADJUSTED,-35.678,GEOID18,7.182,980033.4,,,,,,,,2,0,,,,DE,79360.,228170.,,,,,,,,B,1941,19930816,MARK NOT FOUND,USPSQD,,DD = SURVEY DISK,36 = SET IN A MASSIVE STRUCTURE,25 RESET 1941
,20260103,http://www.ngs.noaa.gov/cgi-bin/ds_mark.prl?PidBox=JU4282,JU4282,25 RESET,,,,DE,SUSSEX,REHOBOTH BEACH (2016),38 42 52.5    (N),075 05 33.3    (W),38.7145833333,-75.0925833333,,NAD 83,(1986),,HD_HELD2,7.61,NAVD 88,,RESET,-35.678,GEOID18,,,,,,,,,,3,,,,,DE,79371.,228187.,,,,,,,,D,1986,20120210,GOOD,DELCOS,Y,DV = VERTICAL CONTROL DISK,31 = SET IN A PAVEMENT SUCH AS STREET SIDEWALK CURB ETC.,25 RESET 1986
,20260103,http://www.ngs.noaa.gov/cgi-bin/ds_mark.prl?PidBox=JU1087,JU1087,26,,,,DE,KENT,CLAYTON (2016),39 17 09.85   (N),075 37 47.77   (W),39.2860694444,-75.6299361111,,NAD 83,(1986),,HD_HELD1,11.681,NAVD 88,,ADJUSTED,-33.860,GEOID18,11.675,980107.6,,,,,,,,1,1,,,,DE,142785.9,181599.9,,,,,,,,C,UNK,20120321,GOOD,LOCSUR,Y,L = ABSOLUTE GRAVITY STATION PLUG,32 = SET IN A RETAINING WALL OR CONCRETE LEDGE,
,20260103,http://www.ngs.noaa.gov/cgi-bin/ds_mark.prl?PidBox=AF7891,AF7891,27 WO TT,,,,DE,NEW CASTLE,WILMINGTON NORTH (2016),39 49 18.78101(N),075 36 59.75933(W),39.8218836139,-75.6165998139,,NAD 83,(1991),,ADJUSTED,132.70,NAVD 88,,VERTCON3,-32.903,GEOID18,,,,,,,,,3,,,,,,DE,202272.343,182882.740,-0 07 40.9,0.99998295,18,4408170.189,447230.542,-0 23 41.6,0.99963428,D,1934,20130711,GOOD,DELCOS,N,DB = BENCH MARK DISK,31 = SET IN A PAVEMENT SUCH AS STREET SIDEWALK CURB ETC.,TT 456 WO27 1934
,20260103,http://www.ngs.noaa.gov/cgi-bin/ds_mark.prl?PidBox=HU0049,HU0049,3,,,,DE,SUSSEX,MISPILLION RIVER (2016),38 56 50.     (N),075 18 55.     (W),38.9472222222,-75.3152777778,,NAD 83,(1986),,SCALED,1.349,NAVD 88,,ADJUSTED,-35.290,GEOID18,1.349,980050.7,,,,,,,,1,2,,,,DE,105150.,208790.,,,,,,,,C,UNK,1962,MARK NOT FOUND,CGS,,DD = SURVEY DISK,7 = SET IN TOP OF CONCRETE MONUMENT,
,20260103,http://www.ngs.noaa.gov/cgi-bin/ds_mark.prl?PidBox=HU0381,HU0381,3,,,,DE,SUSSEX,ASSAWOMAN BAY (2016),38 27 05.2    (N),075 03 18.1    (W),38.4514444444,-75.0550277778,,NAD 83,(1986),,HD_HELD2,2.868,NAVD 88,,ADJUSTED,-35.924,GEOID18,2.867,980019.4,,,,,,,,2,0,,,,DE,50172.,231568.,,,,,,,,C,UNK,20060523,GOOD,GEOCAC,Y,DD = SURVEY DISK,7 = SET IN TOP OF CONCRETE MONUMENT,NO 3
,20260103,http://www.ngs.noaa.gov/cgi-bin/ds_mark.prl?PidBox=HU0067,HU0067,30,,,,DE,SUSSEX,MILTON (2016),38 46 11.40   (N),075 18 48.14   (W),38.7698333333,-75.3133722222,,NAD 83,(1986),,HD_HELD1,8.738,NAVD 88,,ADJUSTED,-35.583,GEOID18,8.733,980032.4,,,,,,,,1,2,,,,DE,85459.0,208976.9,,,,,,,,C,UNK,20120126,MARK NOT FOUND,USFWS,,DD = SURVEY DISK,35 = SET IN A MAT FOUNDATION OR CONCRETE SLAB OTHER THAN PAVEMENT,30
,20260103,http://www.ngs.noaa.gov/cgi-bin/ds_mark.prl?PidBox=JU1896,JU1896,306,,,,DE,NEW CASTLE,WILMINGTON SOUTH (2016),39 40 17.08   (N),075 35 55.38   (W),39.6714111111,-75.5987166667,,NAD 83,(1986),,HD_HELD1,19.892,NAVD 88,,ADJUSTED,-33.055,GEOID18,19.883,980162.4,,,,,,,,2,0,,,,DE,185562.2,184379.9,,,,,,,,C,UNK,1979,MARK NOT FOUND,NGS,,DD = SURVEY DISK,7 = SET IN TOP OF CONCRETE MONUMENT,STATION NO 306
,20260103,http://www.ngs.noaa.gov/cgi-bin/ds_mark.prl?PidBox=JU1777,JU1777,33,,,,DE,NEW CASTLE,WILMINGTON SOUTH (2016),39 43 44.     (N),075 31 56.     (W),39.7288888889,-75.5322222222,,NAD 83,(1986),,SCALED,1.631,NAVD 88,,ADJUSTED,-32.980,GEOID18,1.630,980174.2,,,,,,,,1,2,,,,DE,191930.,190090.,,,,,,,,B,UNK,19910425,MARK NOT FOUND,USGS,,X = CHISELED CROSS,36 = SET IN A MASSIVE STRUCTURE,
,20260103,http://www.ngs.noaa.gov/cgi-bin/ds_mark.prl?PidBox=AH9333,AH9333,33N A,,,SACS,DE,KENT,DOVER (2016),39 13 10.89809(N),075 35 25.75984(W),39.2196939139,-75.5904888444,-20.686,NAD 83,(2011),2010.00,ADJUSTED,13.33,NAVD 88,,GPS OBS,-34.084,GEOID18,,,4.54,14.54,1.91,1.79,7.42,0.13946933,,,,1231294.687,-4792273.435,4011228.971,DE,135409.572,184989.156,-0 06 35.7,1.00000102,18,4341322.798,449026.850,-0 22 24.1,0.99963199,C,1995,1995,MONUMENTED,NGS,Y,DD = SURVEY DISK,7 = SET IN TOP OF CONCRETE MONUMENT,33N A 1996
,20260103,http://www.ngs.noaa.gov/cgi-bin/ds_mark.prl?PidBox=JU1902,JU1902,34,,,,DE,NEW CASTLE,WILMINGTON SOUTH (2016),39 39 30.2    (N),075 33 45.7    (W),39.6583888889,-75.5626944444,,NAD 83,(1986),,HD_HELD2,3.573,NAVD 88,,ADJUSTED,-33.137,GEOID18,3.572,980156.8,,,,,,,,1,1,,,,DE,184111.,187468.,,,,,,,,D,UNK,20130711,GOOD,DELCOS,N,O = CHISELED CIRCLE,30 = SET IN A LIGHT STRUCTURE,
,20260103,http://www.ngs.noaa.gov/cgi-bin/ds_mark.prl?PidBox=HU0740,HU0740,34 RHP,,,,DE,KENT,GREENWOOD (2016),38 52 10.05   (N),075 34 44.89   (W),38.8694583333,-75.5791361111,,NAD 83,(1986),,HD_HELD1,18.772,NAVD 88,,ADJUSTED,-35.244,GEOID18,18.761,980037.3,,,,,,,,1,1,,,,DE,96526.0,185900.1,,,,,,,,C,1955,20111005,GOOD,NGS,N,DB = BENCH MARK DISK,7 = SET IN TOP OF CONCRETE MONUMENT,34 RHP 1955 63
,20260103,http://www.ngs.noaa.gov/cgi-bin/ds_mark.prl?PidBox=HU0258,HU0258,34.73,,,,DE,SUSSEX,SELBYVILLE (2016),38 27 27.     (N),075 13 41.     (W),38.4575000000,-75.2280555556,,NAD 83,(1986),,SCALED,10.018,NAVD 88,,ADJUSTED,-35.860,GEOID18,10.012,980018.2,,,,,,,,2,0,,,,DE,50800.,216460.,,,,,,,,C,UNK,1981,MARK NOT FOUND,UDE,,B = BOLT,35 = SET IN A MAT FOUNDATION OR CONCRETE SLAB OTHER THAN PAVEMENT,
,20260103,http://www.ngs.noaa.gov/cgi-bin/ds_mark.prl?PidBox=JU1114,JU1114,36,,,,DE,KENT,WYOMING (2016),39 07 07.3    (N),075 33 31.8    (W),39.1186944444,-75.5588333333,,NAD 83,(1986),,HD_HELD2,12.608,NAVD 88,,ADJUSTED,-34.489,GEOID18,12.601,980078.3,,,,,,,,1,1,,,,DE,124192.,187705.,,,,,,,,B,UNK,20220530,GOOD,USPSQD,N,B = BOLT,36 = SET IN A MASSIVE STRUCTURE,
,20260103,http://www.ngs.noaa.gov/cgi-bin/ds_mark.prl?PidBox=JU1119,JU1119,37,,,,DE,KENT,WYOMING (2016),39 04 56.     (N),075 34 03.     (W),39.0822222222,-75.5675000000,,NAD 83,(1986),,SCALED,11.032,NAVD 88,,ADJUSTED,-34.611,GEOID18,11.025,980070.2,,,,,,,,1,2,,,,DE,120140.,186950.,,,,,,,,C,UNK,1981,MARK NOT FOUND,UDE,,B = BOLT,32 = SET IN A RETAINING WALL OR CONCRETE LEDGE,
,20260103,http://www.ngs.noaa.gov/cgi-bin/ds_mark.prl?PidBox=JU1814,JU1814,39,,,,DE,NEW CASTLE,DELAWARE CITY (2016),39 31 00.4    (N),075 34 35.2    (W),39.5167777778,-75.5764444444,,NAD 83,(1986),,HD_HELD2,3.073,NAVD 88,,ADJUSTED,-33.538,GEOID18,3.071,980118.0,,,,,,,,1,1,,,,DE,168390.,186260.,,,,,,,,D,UNK,20130308,MARK NOT FOUND,DELCOS,N,X = CHISELED CROSS,30 = SET IN A LIGHT STRUCTURE,
,20260103,http://www.ngs.noaa.gov/cgi-bin/ds_mark.prl?PidBox=JU1801,JU1801,4 70,,,,DE,NEW CASTLE,DELAWARE CITY (2016),39 33 39.     (N),075 34 16.     (W),39.5608333333,-75.5711111111,,NAD 83,(1986),,SCALED,4.351,NAVD 88,,ADJUSTED,-33.420,GEOID18,4.349,980127.7,,,,,,,,1,1,,,,DE,173280.,186730.,,,,,,,,C,UNK,20130308,MARK NOT FOUND,DELCOS,,DD = SURVEY DISK,7 = SET IN TOP OF CONCRETE MONUMENT,4-70
,20260103,http://www.ngs.noaa.gov/cgi-bin/ds_mark.prl?PidBox=JU1802,JU1802,4 STA 8 A,,,,DE,NEW CASTLE,DELAWARE CITY (2016),39 33 41.     (N),075 34 05.     (W),39.5613888889,-75.5680555556,,NAD 83,(1986),,SCALED,2.549,NAVD 88,,ADJUSTED,-33.424,GEOID18,2.548,980127.5,,,,,,,,1,1,,,,DE,173340.,186990.,,,,,,,,C,1958,19950921,MARK NOT FOUND,NOS,,DB = BENCH MARK DISK,7 = SET IN TOP OF CONCRETE MONUMENT,NO 4 1958
,20260103,http://www.ngs.noaa.gov/cgi-bin/ds_mark.prl?PidBox=JU1127,JU1127,40 PRR,,,,DE,KENT,WYOMING (2016),39 00 39.0    (N),075 34 33.2    (W),39.0108333333,-75.5758888889,,NAD 83,(1986),,HD_HELD2,18.793,NAVD 88,,ADJUSTED,-34.856,GEOID18,18.783,980053.8,,,,,,,,1,1,,,,DE,112220.,186209.,,,,,,,,B,UNK,20120321,GOOD,DELCOS,N,B = BOLT,36 = SET IN A MASSIVE STRUCTURE,
,20260103,http://www.ngs.noaa.gov/cgi-bin/ds_mark.prl?PidBox=JU1115,JU1115,42,,,,DE,KENT,WYOMING (2016),39 07 02.     (N),075 33 37.     (W),39.1172222222,-75.5602777778,,NAD 83,(1986),,SCALED,12.465,NAVD 88,,ADJUSTED,-34.492,GEOID18,12.458,980078.1,,,,,,,,1,1,,,,DE,124030.,187580.,,,,,,,,B,1926,20190621,GOOD,USPSQD,N,DB = BENCH MARK DISK,36 = SET IN A MASSIVE STRUCTURE,T STA NO 2 W 1926 42 DEL
,20260103,http://www.ngs.noaa.gov/cgi-bin/ds_mark.prl?PidBox=HU0860,HU0860,42,,,,DE,KENT,HARRINGTON (2016),38 58 33.     (N),075 34 44.     (W),38.9758333333,-75.5788888889,,NAD 83,(1986),,SCALED,12.156,NAVD 88,,ADJUSTED,-34.966,GEOID18,12.149,980051.6,,,,,,,,1,2,,,,DE,108340.,185940.,,,,,,,,B,UNK,1963,MARK NOT FOUND,CGS,,B = BOLT,36 = SET IN A MASSIVE STRUCTURE,
,20260103,http://www.ngs.noaa.gov/cgi-bin/ds_mark.prl?PidBox=JU1253,JU1253,43,,,,DE,NEW CASTLE,TAYLORS BRIDGE (2016),39 24 18.     (N),075 35 57.     (W),39.4050000000,-75.5991666667,,NAD 83,(1986),,SCALED,1.175,NAVD 88,,ADJUSTED,-33.705,GEOID18,1.175,980116.5,,,,,,,,2,0,,,,DE,155980.,184280.,,,,,,,,B,UNK,20130308,MARK NOT FOUND,DELCOS,,X = CHISELED CROSS,36 = SET IN A MASSIVE STRUCTURE,
,20260103,http://www.ngs.noaa.gov/cgi-bin/ds_mark.prl?PidBox=HU0161,HU0161,43.09,,,,DE,SUSSEX,HARBESON (2016),38 38 28.     (N),075 20 25.     (W),38.6411111111,-75.3402777778,,NAD 83,(1986),,SCALED,12.485,NAVD 88,,ADJUSTED,-35.684,GEOID18,12.477,980023.3,,,,,,,,2,0,,,,DE,71170.,206650.,,,,,,,,C,UNK,20120210,GOOD,DELCOS,N,B = BOLT,35 = SET IN A MAT FOUNDATION OR CONCRETE SLAB OTHER THAN PAVEMENT,
,20260103,http://www.ngs.noaa.gov/cgi-bin/ds_mark.prl?PidBox=HU0866,HU0866,44,,,,DE,KENT,HARRINGTON (2016),38 55 27.     (N),075 34 37.     (W),38.9241666667,-75.5769444444,,NAD 83,(1986),,SCALED,18.473,NAVD 88,,ADJUSTED,-35.112,GEOID18,18.462,980044.1,,,,,,,,1,1,,,,DE,102600.,186100.,,,,,,,,B,UNK,20111005,GOOD,NGS,N,B = BOLT,36 = SET IN A MASSIVE STRUCTURE,
,20260103,http://www.ngs.noaa.gov/cgi-bin/ds_mark.prl?PidBox=JU1085,JU1085,45,,,,DE,KENT,CLAYTON (2016),39 17 28.4    (N),075 37 57.5    (W),39.2912222222,-75.6326388889,,NAD 83,(1986),,HD_HELD2,13.388,NAVD 88,,ADJUSTED,-33.846,GEOID18,13.381,980108.3,,,,,,,,1,2,,,,DE,143358.,181368.,,,,,,,,B,1896,20111005,GOOD,NGS,N,DD = SURVEY DISK,36 = SET IN A MASSIVE STRUCTURE,45
,20260103,http://www.ngs.noaa.gov/cgi-bin/ds_mark.prl?PidBox=HU0739,HU0739,46,,,,DE,KENT,GREENWOOD (2016),38 52 08.     (N),075 34 45.     (W),38.8688888889,-75.5791666667,,NAD 83,(1986),,SCALED,18.665,NAVD 88,,ADJUSTED,-35.246,GEOID18,18.654,980037.3,,,,,,,,1,2,,,,DE,96460.,185900.,,,,,,,,C,UNK,1981,MARK NOT FOUND,UDE,,B = BOLT,7 = SET IN TOP OF CONCRETE MONUMENT,
,20260103,http://www.ngs.noaa.gov/cgi-bin/ds_mark.prl?PidBox=HU0754,HU0754,49 A,,,,DE,SUSSEX,SEAFORD EAST (2016),38 44 47.6    (N),075 36 18.6    (W),38.7465555556,-75.6051666667,,NAD 83,(1986),,HD_HELD2,12.630,NAVD 88,,ADJUSTED,-35.457,GEOID18,12.623,980025.7,,,,,,,,1,1,,,,DE,82887.,183613.,,,,,,,,B,UNK,20130611,GOOD,DELCOS,N,B = BOLT,38 = SET IN THE ABUTMENT OR PIER OF A LARGE BRIDGE,
,20260103,http://www.ngs.noaa.gov/cgi-bin/ds_mark.prl?PidBox=HU0163,HU0163,49.67,,,,DE,SUSSEX,HARBESON (2016),38 40 50.     (N),075 22 19.     (W),38.6805555556,-75.3719444444,,NAD 83,(1986),,SCALED,14.506,NAVD 88,,ADJUSTED,-35.642,GEOID18,14.497,980025.1,,,,,,,,2,0,,,,DE,75540.,203890.,,,,,,,,D,UNK,19901031,MARK NOT FOUND,NGS,,B = BOLT,30 = SET IN A LIGHT STRUCTURE,
,20260103,http://www.ngs.noaa.gov/cgi-bin/ds_mark.prl?PidBox=HU0173,HU0173,5 A,,,,DE,SUSSEX,ELLENDALE (2016),38 45 12.     (N),075 25 18.     (W),38.7533333333,-75.4216666667,,NAD 83,(1986),,SCALED,13.312,NAVD 88,,ADJUSTED,-35.539,GEOID18,13.303,980029.9,,,,,,,,2,0,,,,DE,83620.,199570.,,,,,,,,B,UNK,1981,GOOD,UDE,,B = BOLT,36 = SET IN A MASSIVE STRUCTURE,
,20260103,http://www.ngs.noaa.gov/cgi-bin/ds_mark.prl?PidBox=JU1800,JU1800,5 STA 8 A,,,,DE,NEW CASTLE,DELAWARE CITY (2016),39 33 38.     (N),075 34 21.     (W),39.5605555556,-75.5725000000,,NAD 83,(1986),,SCALED,3.489,NAVD 88,,ADJUSTED,-33.419,GEOID18,3.488,980127.8,,,,,,,,1,1,,,,DE,173250.,186610.,,,,,,,,C,1958,19950921,MARK NOT FOUND,NOS,,DB = BENCH MARK DISK,7 = SET IN TOP OF CONCRETE MONUMENT,NO 5 1958
,20260103,http://www.ngs.noaa.gov/cgi-bin/ds_mark.prl?PidBox=HU0757,HU0757,50,,,,DE,SUSSEX,SEAFORD EAST (2016),38 44 31.     (N),075 36 22.     (W),38.7419444444,-75.6061111111,,NAD 83,(1986),,SCALED,13.927,NAVD 88,,ADJUSTED,-35.463,GEOID18,13.918,980025.3,,,,,,,,1,1,,,,DE,82380.,183530.,,,,,,,,D,UNK,20130423,MARK NOT FOUND,DELCOS,,B = BOLT,30 = SET IN A LIGHT STRUCTURE,
,20260103,http://www.ngs.noaa.gov/cgi-bin/ds_mark.prl?PidBox=HU0060,HU0060,52,,,,DE,SUSSEX,ELLENDALE (2016),38 48 21.     (N),075 25 22.     (W),38.8058333333,-75.4227777778,,NAD 83,(1986),,SCALED,15.353,NAVD 88,,ADJUSTED,-35.470,GEOID18,15.344,980033.4,,,,,,,,1,1,,,,DE,89450.,199470.,,,,,,,,B,1908,19940831,MARK NOT FOUND,USPSQD,,DB = BENCH MARK DISK,36 = SET IN A MASSIVE STRUCTURE,52 1908
,20260103,http://www.ngs.noaa.gov/cgi-bin/ds_mark.prl?PidBox=HU0763,HU0763,52 A,,,,DE,SUSSEX,SEAFORD EAST (2016),38 41 11.28   (N),075 37 04.37   (W),38.6864666667,-75.6178805556,,NAD 83,(1986),,HD_HELD1,9.813,NAVD 88,,ADJUSTED,-35.529,GEOID18,9.807,980021.1,,,,,,,,1,1,,,,DE,76218.7,182493.0,,,,,,,,B,UNK,20221031,GOOD,USPSQD,Y,B = BOLT,36 = SET IN A MASSIVE STRUCTURE,
,20260103,http://www.ngs.noaa.gov/cgi-bin/ds_mark.prl?PidBox=HU0764,HU0764,53,,,,DE,SUSSEX,SEAFORD EAST (2016),38 41 04.     (N),075 37 06.     (W),38.6844444444,-75.6183333333,,NAD 83,(1986),,SCALED,9.677,NAVD 88,,ADJUSTED,-35.531,GEOID18,9.671,980021.0,,,,,,,,1,1,,,,DE,75990.,182450.,,,,,,,,C,UNK,20130105,MARK NOT FOUND,DELCOS,,B = BOLT,7 = SET IN TOP OF CONCRETE MONUMENT,
,20260103,http://www.ngs.noaa.gov/cgi-bin/ds_mark.prl?PidBox=HU0769,HU0769,54 A,,,,DE,SUSSEX,SEAFORD EAST (2016),38 38 45.     (N),075 37 04.     (W),38.6458333333,-75.6177777778,,NAD 83,(1986),,SCALED,7.015,NAVD 88,,ADJUSTED,-35.574,GEOID18,7.011,980018.5,,,,,,,,1,2,,,,DE,71710.,182490.,,,,,,,,C,UNK,1981,MARK NOT FOUND,UDE,,Q = CHISELED SQUARE,35 = SET IN A MAT FOUNDATION OR CONCRETE SLAB OTHER THAN PAVEMENT,
,20260103,http://www.ngs.noaa.gov/cgi-bin/ds_mark.prl?PidBox=HU0770,HU0770,55,,,,DE,SUSSEX,SEAFORD EAST (2016),38 38 18.7    (N),075 36 51.6    (W),38.6385277778,-75.6143333333,,NAD 83,(1986),,HD_HELD2,3.180,NAVD 88,,ADJUSTED,-35.584,GEOID18,3.178,980018.1,,,,,,,,1,1,,,,DE,70896.,182790.,,,,,,,,B,UNK,20221031,GOOD,USPSQD,N,B = BOLT,36 = SET IN A MASSIVE STRUCTURE,
,20260103,http://www.ngs.noaa.gov/cgi-bin/ds_mark.prl?PidBox=HU0777,HU0777,56,,,,DE,SUSSEX,LAUREL (2016),38 36 04.8    (N),075 35 47.5    (W),38.6013333333,-75.5965277778,,NAD 83,(1986),,HD_HELD2,10.020,NAVD 88,,ADJUSTED,-35.626,GEOID18,10.014,980016.4,,,,,,,,1,1,,,,DE,66764.,184332.,,,,,,,,C,UNK,20130105,MARK NOT FOUND,DELCOS,,Z = SEE DESCRIPTION,7 = SET IN TOP OF CONCRETE MONUMENT,
,20260103,http://www.ngs.noaa.gov/cgi-bin/ds_mark.prl?PidBox=HU0782,HU0782,57,,,,DE,SUSSEX,LAUREL (2016),38 34 32.     (N),075 34 46.     (W),38.5755555556,-75.5794444444,,NAD 83,(1986),,SCALED,9.773,NAVD 88,,ADJUSTED,-35.652,GEOID18,9.767,980015.3,,,,,,,,1,1,,,,DE,63900.,185820.,,,,,,,,C,UNK,1981,MARK NOT FOUND,UDE,,Z = SEE DESCRIPTION,7 = SET IN TOP OF CONCRETE MONUMENT,
,20260103,http://www.ngs.noaa.gov/cgi-bin/ds_mark.prl?PidBox=HU0787,HU0787,58,,,,DE,SUSSEX,LAUREL (2016),38 33 12.04   (N),075 34 20.37   (W),38.5533444444,-75.5723250000,,NAD 83,(1986),,HD_HELD1,8.196,NAVD 88,,ADJUSTED,-35.670,GEOID18,8.191,980014.5,,,,,,,,1,1,,,,DE,61433.4,186431.6,,,,,,,,C,UNK,20130611,GOOD,DELCOS,N,B = BOLT,34 = SET IN THE FOOTINGS OF SMALL/MEDIUM STRUCTURES,
,20260103,http://www.ngs.noaa.gov/cgi-bin/ds_mark.prl?PidBox=JU1799,JU1799,6 70,,,,DE,NEW CASTLE,DELAWARE CITY (2016),39 33 36.     (N),075 34 38.     (W),39.5600000000,-75.5772222222,,NAD 83,(1986),,SCALED,4.443,NAVD 88,,ADJUSTED,-33.413,GEOID18,4.441,980128.2,,,,,,,,1,1,,,,DE,173190.,186200.,,,,,,,,C,UNK,20130308,MARK NOT FOUND,DELCOS,,DD = SURVEY DISK,7 = SET IN TOP OF CONCRETE MONUMENT,6-70
,20260103,http://www.ngs.noaa.gov/cgi-bin/ds_mark.prl?PidBox=JU1798,JU1798,6 STA 8 A,,,,DE,NEW CASTLE,DELAWARE CITY (2016),39 33 35.     (N),075 34 39.     (W),39.5597222222,-75.5775000000,,NAD 83,(1986),,SCALED,5.416,NAVD 88,,ADJUSTED,-33.414,GEOID18,5.413,980128.1,,,,,,,,1,1,,,,DE,173160.,186180.,,,,,,,,C,1958,20130308,MARK NOT FOUND,DELCOS,,DB = BENCH MARK DISK,7 = SET IN TOP OF CONCRETE MONUMENT,NO 6 1958
,20260103,http://www.ngs.noaa.gov/cgi-bin/ds_mark.prl?PidBox=HU0398,HU0398,60,,,,DE,SUSSEX,DELMAR (2016),38 29 23.     (N),075 34 28.     (W),38.4897222222,-75.5744444444,,NAD 83,(1986),,SCALED,13.552,NAVD 88,,ADJUSTED,-35.708,GEOID18,13.543,980014.5,,,,,,,,1,1,,,,DE,54370.,186240.,,,,,,,,C,UNK,1981,GOOD,UDE,,Z = SEE DESCRIPTION,7 = SET IN TOP OF CONCRETE MONUMENT,
,20260103,http://www.ngs.noaa.gov/cgi-bin/ds_mark.prl?PidBox=JU4183,JU4183,61 29 NJ 78,,,,DE,NEW CASTLE,MARCUS HOOK (2019),39 48 05.12780(N),075 25 59.80511(W),39.8014243889,-75.4332791972,,NAD 83,(1991),,ADJUSTED,1.,NAVD 88,,SCALED,-32.974,GEOID18,,,,,,,,,3,,,,,,DE,199981.752,198577.298,-0 00 38.3,1.00000008,18,4405807.423,462908.444,-0 16 38.5,0.99961694,D,1978,1978,MONUMENTED,NOS,N,Z = SEE DESCRIPTION,0 = UNSPECIFIED SETTING,
,20260103,http://www.ngs.noaa.gov/cgi-bin/ds_mark.prl?PidBox=JU1817,JU1817,67,,,,DE,NEW CASTLE,SAINT GEORGES (2016),39 32 28.     (N),075 42 13.     (W),39.5411111111,-75.7036111111,,NAD 83,(1986),,SCALED,20.615,NAVD 88,,ADJUSTED,-33.302,GEOID18,20.605,980138.2,,,,,,,,1,1,,,,DE,171120.,175330.,,,,,,,,C,UNK,1963,GOOD,CGS,,DD = SURVEY DISK,7 = SET IN TOP OF CONCRETE MONUMENT,67.43
,20260103,http://www.ngs.noaa.gov/cgi-bin/ds_mark.prl?PidBox=HU0090,HU0090,7,,,,DE,SUSSEX,CAPE HENLOPEN (2016),38 47 04.     (N),075 06 26.     (W),38.7844444444,-75.1072222222,,NAD 83,(1986),,SCALED,2.335,NAVD 88,,ADJUSTED,-35.624,GEOID18,2.333,980040.1,,,,,,,,1,2,,,,DE,87120.,226890.,,,,,,,,D,UNK,19951010,MARK NOT FOUND,NGS,,B = BOLT,30 = SET IN A LIGHT STRUCTURE,
,20260103,http://www.ngs.noaa.gov/cgi-bin/ds_mark.prl?PidBox=JU1797,JU1797,7 STA 8 A,,,,DE,NEW CASTLE,DELAWARE CITY (2016),39 33 35.     (N),075 34 49.     (W),39.5597222222,-75.5802777778,,NAD 83,(1986),,SCALED,1.684,NAVD 88,,ADJUSTED,-33.409,GEOID18,1.683,980128.4,,,,,,,,1,1,,,,DE,173160.,185940.,,,,,,,,C,1958,20000318,MARK NOT FOUND,USPSQD,,DB = BENCH MARK DISK,7 = SET IN TOP OF CONCRETE MONUMENT,NO 7 1958
,20260103,http://www.ngs.noaa.gov/cgi-bin/ds_mark.prl?PidBox=JU1903,JU1903,855 1201 TIDAL 1,,,,DE,NEW CASTLE,WILMINGTON SOUTH (2016),39 39 27.67246(N),075 33 47.58978(W),39.6576867944,-75.5632193833,-30.953,NAD 83,(2011),2010.00,ADJUSTED,2.183,NAVD 88,,ADJUSTED,-33.139,GEOID18,2.182,980156.6,0.78,0.74,0.34,0.29,0.38,-0.10768710,,1,1,1225872.022,-4761763.982,4048777.580,DE,184032.860,187423.092,-0 05 36.7,1.00000181,18,4389916.483,451684.414,-0 21 34.0,0.99962874,C,1953,20180927,GOOD,BASE9,Y,DB = BENCH MARK DISK,35 = SET IN A MAT FOUNDATION OR CONCRETE SLAB OTHER THAN PAVEMENT,NO 1 1953
,20260103,http://www.ngs.noaa.gov/cgi-bin/ds_mark.prl?PidBox=JU1907,JU1907,855 1201 TIDAL 3,,,,DE,NEW CASTLE,WILMINGTON SOUTH (2016),39 39 28.     (N),075 33 43.     (W),39.6577777778,-75.5619444444,,NAD 83,(1986),,SCALED,1.610,NAVD 88,,ADJUSTED,-33.140,GEOID18,1.609,980156.5,,,,,,,,1,1,,,,DE,184040.,187530.,,,,,,,,C,1953,19970621,MARK NOT FOUND,USPSQD,,DB = BENCH MARK DISK,32 = SET IN A RETAINING WALL OR CONCRETE LEDGE,NO 3 1953
,20260103,http://www.ngs.noaa.gov/cgi-bin/ds_mark.prl?PidBox=JU1901,JU1901,855 1201 TIDAL 4,,,,DE,NEW CASTLE,WILMINGTON SOUTH (2016),39 39 30.99   (N),075 33 46.05   (W),39.6586083333,-75.5627916667,,NAD 83,(1986),,HD_HELD1,3.200,NAVD 88,,ADJUSTED,-33.137,GEOID18,3.198,980156.8,,,,,,,,1,1,,,,DE,184135.1,187460.0,,,,,,,,D,1953,20180927,GOOD,BASE9,N,DB = BENCH MARK DISK,31 = SET IN A PAVEMENT SUCH AS STREET SIDEWALK CURB ETC.,NO 4 1953
,20260103,http://www.ngs.noaa.gov/cgi-bin/ds_mark.prl?PidBox=JU1900,JU1900,855 1201 TIDAL 5,,,,DE,NEW CASTLE,WILMINGTON SOUTH (2016),39 39 36.99   (N),075 33 44.88   (W),39.6602750000,-75.5624666667,,NAD 83,(1986),,HD_HELD1,5.679,NAVD 88,,ADJUSTED,-33.132,GEOID18,5.677,980157.3,,,,,,,,1,1,,,,DE,184320.1,187488.2,,,,,,,,C,1953,20130711,GOOD,DELCOS,N,DB = BENCH MARK DISK,7 = SET IN TOP OF CONCRETE MONUMENT,NO 5 1953
,20260103,http://www.ngs.noaa.gov/cgi-bin/ds_mark.prl?PidBox=JU1805,JU1805,855 1910 1,,,,DE,NEW CASTLE,DELAWARE CITY (2016),39 33 41.     (N),075 34 57.     (W),39.5613888889,-75.5825000000,,NAD 83,(1986),,SCALED,1.281,NAVD 88,,ADJUSTED,-33.400,GEOID18,1.280,980127.3,,,,,,,,1,1,,,,DE,173340.,185750.,,,,,,,,C,1956,19950921,MARK NOT FOUND,NOS,,DB = BENCH MARK DISK,35 = SET IN A MAT FOUNDATION OR CONCRETE SLAB OTHER THAN PAVEMENT,NO 1 1956
,20260103,http://www.ngs.noaa.gov/cgi-bin/ds_mark.prl?PidBox=JU2190,JU2190,855 1910 A,,,,DE,NEW CASTLE,DELAWARE CITY (2016),39 33 30.4    (N),075 34 19.6    (W),39.5584444444,-75.5721111111,,NAD 83,(1986),,HD_HELD2,1.859,NAVD 88,,ADJUSTED,-33.426,GEOID18,1.858,980127.0,,,,,,,,1,2,,,,DE,173016.,186641.,,,,,,,,B,1979,20130308,MARK NOT FOUND,DELCOS,N,DJ = TIDAL STATION DISK,49 = STAINLESS STEEL ROD W/O SLEEVE (10 FT.+),1910 A 1979
,20260103,http://www.ngs.noaa.gov/cgi-bin/ds_mark.prl?PidBox=JU2189,JU2189,855 1910 B,,,,DE,NEW CASTLE,DELAWARE CITY (2016),39 33 29.67380(N),075 34 25.05317(W),39.5582427222,-75.5736258806,-31.069,NAD 83,(2011),2010.00,ADJUSTED,2.371,NAVD 88,,ADJUSTED,-33.424,GEOID18,2.370,980127.1,1.23,2.12,0.53,0.45,1.08,-0.33628390,,2,1,1226760.762,-4768803.460,4040271.300,DE,172993.430,186510.740,-0 05 59.9,1.00000211,18,4378885.459,450721.244,-0 21 55.2,0.99962990,B,1979,20130711,GOOD,DELCOS,N,DJ = TIDAL STATION DISK,49 = STAINLESS STEEL ROD W/O SLEEVE (10 FT.+),1910 B 1979
,20260103,http://www.ngs.noaa.gov/cgi-bin/ds_mark.prl?PidBox=JU2188,JU2188,855 1910 C,,,,DE,NEW CASTLE,DELAWARE CITY (2016),39 33 27.7    (N),075 34 37.5    (W),39.5576944444,-75.5770833333,,NAD 83,(1986),,HD_HELD2,2.244,NAVD 88,,ADJUSTED,-33.420,GEOID18,2.243,980127.3,,,,,,,,1,2,,,,DE,172933.,186213.,,,,,,,,B,1979,20130711,GOOD,DELCOS,N,DJ = TIDAL STATION DISK,49 = STAINLESS STEEL ROD W/O SLEEVE (10 FT.+),1910 C 1979
,20260103,http://www.ngs.noaa.gov/cgi-bin/ds_mark.prl?PidBox=AJ6314,AJ6314,855 1910 G,,,,DE,NEW CASTLE,DELAWARE CITY (2016),39 33 30.39   (N),075 34 19.70   (W),39.5584416667,-75.5721388889,,NAD 83,(1986),,HD_HELD1,1.488,NAVD 88,,ADJUSTED,-33.426,GEOID18,1.487,980127.2,,,,,,,,1,2,,,,DE,173015.3,186638.6,,,,,,,,B,1982,20130711,GOOD,DELCOS,N,DJ = TIDAL STATION DISK,49 = STAINLESS STEEL ROD W/O SLEEVE (10 FT.+),1910 G 1982
,20260103,http://www.ngs.noaa.gov/cgi-bin/ds_mark.prl?PidBox=AJ6315,AJ6315,855 1910 J TIDAL,,,,DE,NEW CASTLE,DELAWARE CITY (2016),39 33 08.04   (N),075 34 51.69   (W),39.5522333333,-75.5810250000,,NAD 83,(1986),,HD_HELD1,1.561,NAVD 88,,ADJUSTED,-33.431,GEOID18,1.560,980126.5,,,,,,,,1,2,,,,DE,172327.4,185873.6,,,,,,,,B,1997,20130711,GOOD,DELCOS,Y,F = FLANGE-ENCASED ROD,59 = STAINLESS STEEL ROD IN SLEEVE (10 FT.+),1910 J 1997
,20260103,http://www.ngs.noaa.gov/cgi-bin/ds_mark.prl?PidBox=AJ6316,AJ6316,855 1910 K TIDAL,,,,DE,NEW CASTLE,DELAWARE CITY (2016),39 32 42.93076(N),075 34 47.90117(W),39.5452585444,-75.5799725472,-31.822,NAD 83,(2011),2010.00,ADJUSTED,1.628,NAVD 88,,ADJUSTED,-33.453,GEOID18,1.628,980124.6,0.16,0.27,0.07,0.06,0.14,-0.00023649,,1,2,1226460.966,-4769827.796,4039159.295,DE,171552.825,185962.684,-0 06 14.3,1.00000241,18,4377447.936,450166.725,-0 22 09.4,0.99963057,B,1997,20130711,GOOD,DELCOS,Y,DJ = TIDAL STATION DISK,49 = STAINLESS STEEL ROD W/O SLEEVE (10 FT.+),1910 K 1997
,20260103,http://www.ngs.noaa.gov/cgi-bin/ds_mark.prl?PidBox=JU2186,JU2186,855 1910 RP 3,,,,DE,NEW CASTLE,DELAWARE CITY (2016),39 33 21.10   (N),075 34 55.75   (W),39.5558611111,-75.5821527778,,NAD 83,(1986),,HD_HELD1,0.969,NAVD 88,,ADJUSTED,-33.418,GEOID18,0.969,980127.6,,,,,,,,1,2,,,,DE,172730.3,185777.4,,,,,,,,C,1975,20130711,GOOD,DELCOS,N,DD = SURVEY DISK,32 = SET IN A RETAINING WALL OR CONCRETE LEDGE,RP 3 1975
,20260103,http://www.ngs.noaa.gov/cgi-bin/ds_mark.prl?PidBox=JU1792,JU1792,855 1910 TIDAL 3,,,,DE,NEW CASTLE,DELAWARE CITY (2016),39 34 12.4    (N),075 35 24.9    (W),39.5701111111,-75.5902500000,,NAD 83,(1986),,HD_HELD2,4.575,NAVD 88,,ADJUSTED,-33.360,GEOID18,4.572,980132.4,,,,,,,,1,2,,,,DE,174314.,185085.,,,,,,,,B,1956,20130711,GOOD,DELCOS,N,DB = BENCH MARK DISK,36 = SET IN A MASSIVE STRUCTURE,NO 3 1956
,20260103,http://www.ngs.noaa.gov/cgi-bin/ds_mark.prl?PidBox=JU2181,JU2181,855 1910 TIDAL 7,,,,DE,NEW CASTLE,DELAWARE CITY (2016),39 33 33.     (N),075 34 49.     (W),39.5591666667,-75.5802777778,,NAD 83,(1986),,SCALED,2.408,NAVD 88,,ADJUSTED,-33.411,GEOID18,2.407,980128.3,,,,,,,,1,2,,,,DE,173100.,185940.,,,,,,,,C,1974,20130308,MARK NOT FOUND,DELCOS,N,DD = SURVEY DISK,7 = SET IN TOP OF CONCRETE MONUMENT,NO 7 1958 RESET 1974
,20260103,http://www.ngs.noaa.gov/cgi-bin/ds_mark.prl?PidBox=JU1794,JU1794,855 1910 TIDAL 8 RESET,,,,DE,NEW CASTLE,DELAWARE CITY (2016),39 33 54.     (N),075 35 07.     (W),39.5650000000,-75.5852777778,,NAD 83,(1986),,SCALED,1.929,NAVD 88,,ADJUSTED,-33.384,GEOID18,1.928,980130.5,,,,,,,,1,2,,,,DE,173750.,185510.,,,,,,,,C,1960,20030309,MARK NOT FOUND,USPSQD,N,DB = BENCH MARK DISK,7 = SET IN TOP OF CONCRETE MONUMENT,NO 8 RESET 1958 1960
,20260103,http://www.ngs.noaa.gov/cgi-bin/ds_mark.prl?PidBox=JU2185,JU2185,855 1910 TIDAL RP 5,,,,DE,NEW CASTLE,DELAWARE CITY (2016),39 33 02.9    (N),075 34 49.5    (W),39.5508055556,-75.5804166667,,NAD 83,(1986),,HD_HELD2,1.418,NAVD 88,,ADJUSTED,-33.436,GEOID18,1.417,980126.2,,,,,,,,1,2,,,,DE,172169.,185926.,,,,,,,,C,1975,20130711,GOOD,DELCOS,N,DJ = TIDAL STATION DISK,32 = SET IN A RETAINING WALL OR CONCRETE LEDGE,RP 5 1975
,20260103,http://www.ngs.noaa.gov/cgi-bin/ds_mark.prl?PidBox=JU1815,JU1815,855 2249 TIDAL 1,,,,DE,NEW CASTLE,DELAWARE CITY (2016),39 30 59.     (N),075 34 37.     (W),39.5163888889,-75.5769444444,,NAD 83,(1986),,SCALED,1.444,NAVD 88,,ADJUSTED,-33.538,GEOID18,1.443,980118.0,,,,,,,,1,1,,,,DE,168350.,186220.,,,,,,,,C,1953,19901126,MARK NOT FOUND,USPSQD,,DB = BENCH MARK DISK,34 = SET IN THE FOOTINGS OF SMALL/MEDIUM STRUCTURES,1 1953
,20260103,http://www.ngs.noaa.gov/cgi-bin/ds_mark.prl?PidBox=JU1811,JU1811,855 2249 TIDAL 2,,,,DE,NEW CASTLE,DELAWARE CITY (2016),39 31 00.     (N),075 34 36.     (W),39.5166666667,-75.5766666667,,NAD 83,(1986),,SCALED,2.575,NAVD 88,,ADJUSTED,-33.538,GEOID18,2.574,980118.0,,,,,,,,1,1,,,,DE,168380.,186240.,,,,,,,,D,1953,20130308,MARK NOT FOUND,DELCOS,,DB = BENCH MARK DISK,31 = SET IN A PAVEMENT SUCH AS STREET SIDEWALK CURB ETC.,2 1953
,20260103,http://www.ngs.noaa.gov/cgi-bin/ds_mark.prl?PidBox=JU1813,JU1813,855 2249 TIDAL 3,,,,DE,NEW CASTLE,DELAWARE CITY (2016),39 31 00.     (N),075 34 36.     (W),39.5166666667,-75.5766666667,,NAD 83,(1986),,SCALED,2.798,NAVD 88,,ADJUSTED,-33.538,GEOID18,2.796,980118.0,,,,,,,,1,1,,,,DE,168380.,186240.,,,,,,,,D,1953,20050615,MARK NOT FOUND,GEOCAC,,DB = BENCH MARK DISK,31 = SET IN A PAVEMENT SUCH AS STREET SIDEWALK CURB ETC.,3 1953
,20260103,http://www.ngs.noaa.gov/cgi-bin/ds_mark.prl?PidBox=JU1816,JU1816,855 2249 TIDAL 4,,,,DE,NEW CASTLE,DELAWARE CITY (2016),39 31 00.     (N),075 34 36.     (W),39.5166666667,-75.5766666667,,NAD 83,(1986),,SCALED,2.70,NAVD 88,,VERTCON3,-33.538,GEOID18,,,,,,,,,,,,,,,DE,168380.,186240.,,,,,,,,C,1953,20030323,MARK NOT FOUND,USPSQD,,DB = BENCH MARK DISK,35 = SET IN A MAT FOUNDATION OR CONCRETE SLAB OTHER THAN PAVEMENT,4 1953
,20260103,http://www.ngs.noaa.gov/cgi-bin/ds_mark.prl?PidBox=JU1812,JU1812,855 2249 TIDAL 5,,,,DE,NEW CASTLE,DELAWARE CITY (2016),39 30 58.2    (N),075 34 37.0    (W),39.5161666667,-75.5769444444,,NAD 83,(1986),,HD_HELD2,3.056,NAVD 88,,ADJUSTED,-33.539,GEOID18,3.055,980118.0,,,,,,,,1,1,,,,DE,168322.,186217.,,,,,,,,D,1953,20130711,GOOD,DELCOS,N,DB = BENCH MARK DISK,31 = SET IN A PAVEMENT SUCH AS STREET SIDEWALK CURB ETC.,5 1953
,20260103,http://www.ngs.noaa.gov/cgi-bin/ds_mark.prl?PidBox=JU1019,JU1019,855 3481 TIDAL 2,,,,DE,KENT,BOMBAY HOOK ISLAND (2016),39 19 57.6    (N),075 28 25.5    (W),39.3326666667,-75.4737500000,,NAD 83,(1986),,HD_HELD2,2.096,NAVD 88,,ADJUSTED,-33.916,GEOID18,2.095,980110.8,,,,,,,,1,1,,,,DE,147939.,195078.,,,,,,,,C,1953,20011212,GOOD,NGS,,DB = BENCH MARK DISK,35 = SET IN A MAT FOUNDATION OR CONCRETE SLAB OTHER THAN PAVEMENT,NO 2 1953
,20260103,http://www.ngs.noaa.gov/cgi-bin/ds_mark.prl?PidBox=AS5703,AS5703,855 5388 A TIDAL,Y,,,DE,KENT,FREDERICA (2016),39 03 30.72579(N),075 23 51.67271(W),39.0585349417,-75.3976868639,-33.662,NAD 83,(2011),2010.00,ADJUSTED,1.24,NAVD 88,,GPS OBS,-34.914,GEOID18,,,0.81,0.90,0.37,0.28,0.46,0.03448172,,,,1250258.401,-4799021.651,3997343.863,DE,117503.867,201642.788,+0 00 43.1,1.00000031,18,4323347.545,465591.931,-0 15 02.1,0.99961458,D,1983,20210307,GOOD,USPSQD,Y,DJ = TIDAL STATION DISK,31 = SET IN A PAVEMENT SUCH AS STREET SIDEWALK CURB ETC.,5388 A 1983
,20260103,http://www.ngs.noaa.gov/cgi-bin/ds_mark.prl?PidBox=DK6431,DK6431,855 7380 F TIDAL,,,,DE,SUSSEX,CAPE HENLOPEN (2016),38 46 48.8    (N),075 07 25.4    (W),38.7802222222,-75.1237222222,,NAD 83,(1986),,HD_HELD2,1.082,NAVD 88,,ADJUSTED,-35.625,GEOID18,1.082,980039.3,,,,,,,,2,2,,,,DE,86648.,225455.,,,,,,,,B,1997,20120210,GOOD,DELCOS,N,F = FLANGE-ENCASED ROD,59 = STAINLESS STEEL ROD IN SLEEVE (10 FT.+),7380 F 1997
,20260103,http://www.ngs.noaa.gov/cgi-bin/ds_mark.prl?PidBox=DK6430,DK6430,855 7380 G TIDAL,,,,DE,SUSSEX,LEWES (2016),38 46 49.10   (N),075 07 33.27   (W),38.7803055556,-75.1259083333,,NAD 83,(1986),,HD_HELD1,1.214,NAVD 88,,ADJUSTED,-35.624,GEOID18,1.214,980039.2,,,,,,,,2,2,,,,DE,86656.7,225265.0,,,,,,,,B,1997,20140917,GOOD,BASE9,N,F = FLANGE-ENCASED ROD,59 = STAINLESS STEEL ROD IN SLEEVE (10 FT.+),7380 G 1997
,20260103,http://www.ngs.noaa.gov/cgi-bin/ds_mark.prl?PidBox=AJ8038,AJ8038,855 7380 NO 20 TIDAL,,,,DE,SUSSEX,CAPE HENLOPEN (2016),38 46 56.34852(N),075 07 09.47704(W),38.7823190333,-75.1192991778,-33.278,NAD 83,(2011),2010.00,ADJUSTED,2.3,NAVD 88,,GPS OBS,-35.624,GEOID18,,,0.49,0.84,0.21,0.19,0.43,-0.03127036,,,,1278508.197,-4811508.650,3973487.210,DE,86882.025,225838.516,+0 11 10.5,1.00000844,18,4292627.501,489638.095,-0 04 29.0,0.99960132,C,1975,20230730,GOOD,USPSQD,Y,DJ = TIDAL STATION DISK,35 = SET IN A MAT FOUNDATION OR CONCRETE SLAB OTHER THAN PAVEMENT,NO 20 1975
,20260103,http://www.ngs.noaa.gov/cgi-bin/ds_mark.prl?PidBox=HU0088,HU0088,855 7380 TIDAL 1,,,,DE,SUSSEX,CAPE HENLOPEN (2016),38 46 52.     (N),075 07 12.     (W),38.7811111111,-75.1200000000,,NAD 83,(1986),,SCALED,2.399,NAVD 88,,ADJUSTED,-35.625,GEOID18,2.397,980039.5,,,,,,,,1,2,,,,DE,86750.,225780.,,,,,,,,C,1948,19951013,MARK NOT FOUND,NGS,,DB = BENCH MARK DISK,35 = SET IN A MAT FOUNDATION OR CONCRETE SLAB OTHER THAN PAVEMENT,1 1948
,20260103,http://www.ngs.noaa.gov/cgi-bin/ds_mark.prl?PidBox=HU0084,HU0084,855 7380 TIDAL 30,,,,DE,SUSSEX,LEWES (2016),38 46 33.1    (N),075 08 20.5    (W),38.7758611111,-75.1390277778,,NAD 83,(1986),,HD_HELD2,5.075,NAVD 88,,ADJUSTED,-35.626,GEOID18,5.072,980038.5,,,,,,,,1,2,,,,DE,86160.,224126.,,,,,,,,C,1921,20150718,GOOD,RODCON,N,DB = BENCH MARK DISK,34 = SET IN THE FOOTINGS OF SMALL/MEDIUM STRUCTURES,30 1921
,20260103,http://www.ngs.noaa.gov/cgi-bin/ds_mark.prl?PidBox=HU1204,HU1204,855 7380 TIDAL 32,,,,DE,SUSSEX,LEWES (2016),38 46 31.4    (N),075 08 15.9    (W),38.7753888889,-75.1377500000,,NAD 83,(1986),,HD_HELD2,3.19,NAVD 88,,VERTCON3,-35.627,GEOID18,,,,,,,,,,,,,,,DE,86108.,224238.,,,,,,,,C,1981,20150718,GOOD,RODCON,Y,DV = VERTICAL CONTROL DISK,32 = SET IN A RETAINING WALL OR CONCRETE LEDGE,TIDAL 32 RESET 1981
,20260103,http://www.ngs.noaa.gov/cgi-bin/ds_mark.prl?PidBox=HU0094,HU0094,855 7380 TIDAL 36,,,,DE,SUSSEX,CAPE HENLOPEN (2016),38 47 11.     (N),075 06 05.     (W),38.7863888889,-75.1013888889,,NAD 83,(1986),,SCALED,3.001,NAVD 88,,ADJUSTED,-35.624,GEOID18,3.000,980040.1,,,,,,,,1,2,,,,DE,87340.,227390.,,,,,,,,B,1947,19951010,MARK NOT FOUND,NGS,,DB = BENCH MARK DISK,36 = SET IN A MASSIVE STRUCTURE,36 1947
,20260103,http://www.ngs.noaa.gov/cgi-bin/ds_mark.prl?PidBox=HU0087,HU0087,855 7380 TIDAL 37,,,,DE,SUSSEX,CAPE HENLOPEN (2016),38 46 52.     (N),075 07 11.     (W),38.7811111111,-75.1197222222,,NAD 83,(1986),,SCALED,2.450,NAVD 88,,ADJUSTED,-35.625,GEOID18,2.449,980039.5,,,,,,,,1,2,,,,DE,86750.,225800.,,,,,,,,C,1947,20010927,MARK NOT FOUND,USPSQD,N,DB = BENCH MARK DISK,35 = SET IN A MAT FOUNDATION OR CONCRETE SLAB OTHER THAN PAVEMENT,37 1947
,20260103,http://www.ngs.noaa.gov/cgi-bin/ds_mark.prl?PidBox=HU0089,HU0089,855 7380 TIDAL 39,,,,DE,SUSSEX,CAPE HENLOPEN (2016),38 46 55.     (N),075 06 52.     (W),38.7819444444,-75.1144444444,,NAD 83,(1986),,SCALED,1.287,NAVD 88,,ADJUSTED,-35.625,GEOID18,1.286,980039.7,,,,,,,,1,2,,,,DE,86840.,226260.,,,,,,,,D,1947,20080917,MARK NOT FOUND,GEOCAC,,DB = BENCH MARK DISK,31 = SET IN A PAVEMENT SUCH AS STREET SIDEWALK CURB ETC.,NO 39 1947
,20260103,http://www.ngs.noaa.gov/cgi-bin/ds_mark.prl?PidBox=HU0093,HU0093,855 7380 TIDAL 40,,,,DE,SUSSEX,CAPE HENLOPEN (2016),38 47 11.     (N),075 06 05.     (W),38.7863888889,-75.1013888889,,NAD 83,(1986),,SCALED,2.940,NAVD 88,,ADJUSTED,-35.624,GEOID18,2.938,980040.1,,,,,,,,1,2,,,,DE,87340.,227390.,,,,,,,,D,1952,20120214,MARK NOT FOUND,DELCOS,Y,DB = BENCH MARK DISK,31 = SET IN A PAVEMENT SUCH AS STREET SIDEWALK CURB ETC.,NO 40 1952
,20260103,http://www.ngs.noaa.gov/cgi-bin/ds_mark.prl?PidBox=HU0092,HU0092,855 7380 TIDAL 41,,,,DE,SUSSEX,CAPE HENLOPEN (2016),38 47 12.     (N),075 06 06.     (W),38.7866666667,-75.1016666667,,NAD 83,(1986),,SCALED,3.958,NAVD 88,,ADJUSTED,-35.623,GEOID18,3.956,980040.1,,,,,,,,1,2,,,,DE,87370.,227370.,,,,,,,,B,1952,19951010,MARK NOT FOUND,NGS,,DB = BENCH MARK DISK,36 = SET IN A MASSIVE STRUCTURE,NO 41 1952
,20260103,http://www.ngs.noaa.gov/cgi-bin/ds_mark.prl?PidBox=HU0091,HU0091,855 7380 TIDAL 42,,,,DE,SUSSEX,CAPE HENLOPEN (2016),38 47 11.     (N),075 06 06.     (W),38.7863888889,-75.1016666667,,NAD 83,(1986),,SCALED,3.288,NAVD 88,,ADJUSTED,-35.624,GEOID18,3.286,980040.1,,,,,,,,1,2,,,,DE,87340.,227370.,,,,,,,,B,1952,19951010,MARK NOT FOUND,NGS,,DB = BENCH MARK DISK,36 = SET IN A MASSIVE STRUCTURE,NO 42 1952
,20260103,http://www.ngs.noaa.gov/cgi-bin/ds_mark.prl?PidBox=HU0086,HU0086,855 7380 TIDAL CHIS SQ,,,,DE,SUSSEX,LEWES (2016),38 46 50.     (N),075 07 56.     (W),38.7805555556,-75.1322222222,,NAD 83,(1986),,SCALED,1.494,NAVD 88,,ADJUSTED,-35.623,GEOID18,1.493,980039.2,,,,,,,,1,2,,,,DE,86680.,224720.,,,,,,,,D,1948,20120214,MARK NOT FOUND,DELCOS,N,Q = CHISELED SQUARE,31 = SET IN A PAVEMENT SUCH AS STREET SIDEWALK CURB ETC.,
,20260103,http://www.ngs.noaa.gov/cgi-bin/ds_mark.prl?PidBox=HU0170,HU0170,9,,,,DE,SUSSEX,GEORGETOWN (2016),38 42 19.     (N),075 23 42.     (W),38.7052777778,-75.3950000000,,NAD 83,(1986),,SCALED,14.744,NAVD 88,,ADJUSTED,-35.610,GEOID18,14.735,980026.5,,,,,,,,2,0,,,,DE,78290.,201890.,,,,,,,,D,UNK,19901031,MARK NOT FOUND,NGS,,B = BOLT,30 = SET IN A LIGHT STRUCTURE,
,20260103,http://www.ngs.noaa.gov/cgi-bin/ds_mark.prl?PidBox=JU1932,JU1932,A,,,,DE,NEW CASTLE,SAINT GEORGES (2016),39 32 30.     (N),075 42 13.     (W),39.5416666667,-75.7036111111,,NAD 83,(1986),,SCALED,16.101,NAVD 88,,ADJUSTED,-33.300,GEOID18,16.093,980138.4,,,,,,,,1,1,,,,DE,171180.,175330.,,,,,,,,C,UNK,19891101,MARK NOT FOUND,USGS,,DD = SURVEY DISK,7 = SET IN TOP OF CONCRETE MONUMENT,A
,20260103,http://www.ngs.noaa.gov/cgi-bin/ds_mark.prl?PidBox=JU0792,JU0792,A 1,,,,DE,NEW CASTLE,MARCUS HOOK (2019),39 46 56.     (N),075 28 25.     (W),39.7822222222,-75.4736111111,,NAD 83,(1986),,SCALED,2.366,NAVD 88,,ADJUSTED,-32.943,GEOID18,2.365,980178.1,,,,,,,,1,1,,,,DE,197850.,195120.,,,,,,,,C,1931,1979,SEE DESCRIPTION,NGS,,DB = BENCH MARK DISK,32 = SET IN A RETAINING WALL OR CONCRETE LEDGE,8.888 A 1 1931
,20260103,http://www.ngs.noaa.gov/cgi-bin/ds_mark.prl?PidBox=HU0978,HU0978,A 10,,,,DE,SUSSEX,LAUREL (2016),38 31 54.     (N),075 36 25.     (W),38.5316666667,-75.6069444444,,NAD 83,(1986),,SCALED,10.543,NAVD 88,,ADJUSTED,-35.663,GEOID18,10.536,980013.1,,,,,,,,2,0,,,,DE,59030.,183410.,,,,,,,,D,1942,20130105,MARK NOT FOUND,DELCOS,,DB = BENCH MARK DISK,31 = SET IN A PAVEMENT SUCH AS STREET SIDEWALK CURB ETC.,A 10 1942
,20260103,http://www.ngs.noaa.gov/cgi-bin/ds_mark.prl?PidBox=HU0831,HU0831,A 11,,,,DE,KENT,BURRSVILLE (2016),38 58 13.     (N),075 42 03.     (W),38.9702777778,-75.7008333333,,NAD 83,(1986),,SCALED,17.546,NAVD 88,,ADJUSTED,-34.810,GEOID18,17.536,980052.2,,,,,,,,2,0,,,,DE,107740.,175370.,,,,,,,,D,1942,20120326,MARK NOT FOUND,DELCOS,,DB = BENCH MARK DISK,31 = SET IN A PAVEMENT SUCH AS STREET SIDEWALK CURB ETC.,A 11 1942
,20260103,http://www.ngs.noaa.gov/cgi-bin/ds_mark.prl?PidBox=JU1306,JU1306,A 12,,,,DE,KENT,MARYDEL (2016),39 01 54.     (N),075 43 59.     (W),39.0316666667,-75.7330555556,,NAD 83,(1986),,SCALED,12.640,NAVD 88,,ADJUSTED,-34.533,GEOID18,12.633,980064.1,,,,,,,,2,0,,,,DE,114570.,172610.,,,,,,,,C,1942,20010428,GOOD,USPSQD,N,DB = BENCH MARK DISK,7 = SET IN TOP OF CONCRETE MONUMENT,A 12 1942
,20260103,http://www.ngs.noaa.gov/cgi-bin/ds_mark.prl?PidBox=JU1307,JU1307,A 12 RESET,,,,DE,KENT,MARYDEL (2016),39 01 54.83   (N),075 43 58.78   (W),39.0318972222,-75.7329944444,,NAD 83,(1986),,HD_HELD1,13.347,NAVD 88,,ADJUSTED,-34.532,GEOID18,13.339,980064.1,,,,,,,,2,1,,,,DE,114594.1,172610.1,,,,,,,,C,1960,20111115,GOOD,DELCOS,N,DB = BENCH MARK DISK,7 = SET IN TOP OF CONCRETE MONUMENT,A 12 RESET 1960
,20260103,http://www.ngs.noaa.gov/cgi-bin/ds_mark.prl?PidBox=JU1260,JU1260,A 13,,,,DE,KENT,CLAYTON (2016),39 16 42.     (N),075 38 16.     (W),39.2783333333,-75.6377777778,,NAD 83,(1986),,SCALED,13.847,NAVD 88,,ADJUSTED,-33.867,GEOID18,13.840,980106.8,,,,,,,,2,0,,,,DE,141930.,180920.,,,,,,,,C,1942,20120319,MARK NOT FOUND,DELCOS,,DB = BENCH MARK DISK,7 = SET IN TOP OF CONCRETE MONUMENT,A 13 1942
,20260103,http://www.ngs.noaa.gov/cgi-bin/ds_mark.prl?PidBox=JU1174,JU1174,A 14,,,,DE,NEW CASTLE,MIDDLETOWN (2016),39 26 38.     (N),075 44 13.     (W),39.4438888889,-75.7369444444,,NAD 83,(1986),,SCALED,21.517,NAVD 88,,ADJUSTED,-33.513,GEOID18,21.506,980120.0,,,,,,,,2,0,,,,DE,160340.,172430.,,,,,,,,C,1942,19930130,GOOD,USPSQD,,DB = BENCH MARK DISK,7 = SET IN TOP OF CONCRETE MONUMENT,A 14 1942
,20260103,http://www.ngs.noaa.gov/cgi-bin/ds_mark.prl?PidBox=JU1095,JU1095,A 2,,,,DE,KENT,DOVER (2016),39 13 06.43   (N),075 35 09.62   (W),39.2184527778,-75.5860055556,,NAD 83,(1986),,HD_HELD1,11.725,NAVD 88,,ADJUSTED,-34.094,GEOID18,11.719,980098.3,,,,,,,,1,2,,,,DE,135271.0,185376.1,,,,,,,,D,1931,20190815,GOOD,USPSQD,Y,DB = BENCH MARK DISK,31 = SET IN A PAVEMENT SUCH AS STREET SIDEWALK CURB ETC.,A 2 1931 39.856
,20260103,http://www.ngs.noaa.gov/cgi-bin/ds_mark.prl?PidBox=JU4298,JU4298,A 21 RESET,,,,DE,NEW CASTLE,MARCUS HOOK (2019),39 48 47.7    (N),075 26 44.8    (W),39.8132500000,-75.4457777778,,NAD 83,(1986),,HD_HELD2,12.41,NAVD 88,,RESET,-32.951,GEOID18,,,,,,,,,,3,,,,,DE,201295.,197507.,,,,,,,,B,1991,20130711,GOOD,DELCOS,Y,DV = VERTICAL CONTROL DISK,36 = SET IN A MASSIVE STRUCTURE,A 21 RESET 1991
,20260103,http://www.ngs.noaa.gov/cgi-bin/ds_mark.prl?PidBox=JU1449,JU1449,A 22,,,,DE,NEW CASTLE,WILMINGTON NORTH (2016),39 45 58.3    (N),075 32 19.1    (W),39.7661944444,-75.5386388889,,NAD 83,(1986),,HD_HELD2,49.010,NAVD 88,,ADJUSTED,-32.893,GEOID18,48.988,980173.7,,,,,,,,2,0,,,,DE,196077.,189549.,,,,,,,,B,1959,20130711,GOOD,DELCOS,N,DB = BENCH MARK DISK,37 = SET IN A MASSIVE RETAINING WALL,A 22 1959
,20260103,http://www.ngs.noaa.gov/cgi-bin/ds_mark.prl?PidBox=JU1689,JU1689,A 23,,,,DE,NEW CASTLE,NEWARK EAST (2016),39 40 39.     (N),075 39 27.     (W),39.6775000000,-75.6575000000,,NAD 83,(1986),,SCALED,17.649,NAVD 88,,ADJUSTED,-32.995,GEOID18,17.641,980164.2,,,,,,,,2,0,,,,DE,186250.,179340.,,,,,,,,C,1959,20130308,MARK NOT FOUND,DELCOS,,DB = BENCH MARK DISK,7 = SET IN TOP OF CONCRETE MONUMENT,A 23 1959
,20260103,http://www.ngs.noaa.gov/cgi-bin/ds_mark.prl?PidBox=HU0136,HU0136,A 27,,,,DE,SUSSEX,LEWES (2016),38 45 40.5    (N),075 08 44.2    (W),38.7612500000,-75.1456111111,,NAD 83,(1986),,HD_HELD2,5.786,NAVD 88,,ADJUSTED,-35.640,GEOID18,5.783,980037.0,,,,,,,,2,0,,,,DE,84536.,223559.,,,,,,,,C,1961,20120210,GOOD,DELCOS,,DB = BENCH MARK DISK,7 = SET IN TOP OF CONCRETE MONUMENT,A 27 1961
,20260103,http://www.ngs.noaa.gov/cgi-bin/ds_mark.prl?PidBox=HU0106,HU0106,A 28,,,,DE,SUSSEX,BETHANY BEACH (2016),38 35 24.     (N),075 03 42.     (W),38.5900000000,-75.0616666667,,NAD 83,(1986),,SCALED,2.653,NAVD 88,,ADJUSTED,-35.748,GEOID18,2.651,980032.8,,,,,,,,2,0,,,,DE,65550.,230930.,,,,,,,,B,1962,19950825,MARK NOT FOUND,USPSQD,,DB = BENCH MARK DISK,36 = SET IN A MASSIVE STRUCTURE,A 28 1962
,20260103,http://www.ngs.noaa.gov/cgi-bin/ds_mark.prl?PidBox=HU0141,HU0141,A 29,,,,DE,SUSSEX,FRANKFORD (2016),38 33 08.16   (N),075 08 10.02   (W),38.5522666667,-75.1361166667,,NAD 83,(1986),,HD_HELD1,3.894,NAVD 88,,ADJUSTED,-35.775,GEOID18,3.891,980026.5,,,,,,,,2,0,,,,DE,61339.6,224455.4,,,,,,,,C,1962,20120214,MARK NOT FOUND,DELCOS,Y,DB = BENCH MARK DISK,7 = SET IN TOP OF CONCRETE MONUMENT,A 29 1962
,20260103,http://www.ngs.noaa.gov/cgi-bin/ds_mark.prl?PidBox=HU0045,HU0045,A 3,,,,DE,SUSSEX,MISPILLION RIVER (2016),38 56 07.1    (N),075 19 50.6    (W),38.9353055556,-75.3307222222,,NAD 83,(1986),,HD_HELD2,2.651,NAVD 88,,ADJUSTED,-35.308,GEOID18,2.650,980048.8,,,,,,,,1,2,,,,DE,103827.,207452.,,,,,,,,C,1931,20220526,GOOD,USPSQD,,DB = BENCH MARK DISK,32 = SET IN A RETAINING WALL OR CONCRETE LEDGE,10.007 A 3 1931
,20260103,http://www.ngs.noaa.gov/cgi-bin/ds_mark.prl?PidBox=HU0198,HU0198,A 30,,,,DE,SUSSEX,LEWES (2016),38 49 20.3    (N),075 14 15.7    (W),38.8223055556,-75.2376944444,,NAD 83,(1986),,HD_HELD2,1.048,NAVD 88,,ADJUSTED,-35.553,GEOID18,1.047,980039.7,,,,,,,,1,2,,,,DE,91294.,215542.,,,,,,,,C,1962,20121210,GOOD,DEDT,Y,DB = BENCH MARK DISK,7 = SET IN TOP OF CONCRETE MONUMENT,A 30 1962
,20260103,http://www.ngs.noaa.gov/cgi-bin/ds_mark.prl?PidBox=HU0183,HU0183,A 33,,,,DE,SUSSEX,MILTON (2016),38 52 09.     (N),075 21 44.     (W),38.8691666667,-75.3622222222,,NAD 83,(1986),,SCALED,6.918,NAVD 88,,ADJUSTED,-35.419,GEOID18,6.914,980040.5,,,,,,,,2,0,,,,DE,96480.,204730.,,,,,,,,C,1962,20120207,GOOD,DELCOS,,DB = BENCH MARK DISK,7 = SET IN TOP OF CONCRETE MONUMENT,A 33 1962
,20260103,http://www.ngs.noaa.gov/cgi-bin/ds_mark.prl?PidBox=HU0741,HU0741,A 34,,,,DE,KENT,GREENWOOD (2016),38 51 13.     (N),075 34 57.     (W),38.8536111111,-75.5825000000,,NAD 83,(1986),,SCALED,17.688,NAVD 88,,ADJUSTED,-35.277,GEOID18,17.677,980035.6,,,,,,,,1,1,,,,DE,94770.,185610.,,,,,,,,C,1963,20120320,MARK NOT FOUND,DELCOS,,DB = BENCH MARK DISK,7 = SET IN TOP OF CONCRETE MONUMENT,A 34 1963
,20260103,http://www.ngs.noaa.gov/cgi-bin/ds_mark.prl?PidBox=JU1111,JU1111,A 35,,,,DE,KENT,DOVER (2016),39 07 57.     (N),075 32 45.     (W),39.1325000000,-75.5458333333,,NAD 83,(1986),,SCALED,12.879,NAVD 88,,ADJUSTED,-34.458,GEOID18,12.872,980081.4,,,,,,,,1,1,,,,DE,125720.,188830.,,,,,,,,C,1963,1981,MARK NOT FOUND,UDE,,DB = BENCH MARK DISK,7 = SET IN TOP OF CONCRETE MONUMENT,A 35 1963
,20260103,http://www.ngs.noaa.gov/cgi-bin/ds_mark.prl?PidBox=JU2484,JU2484,A 35 RESET,,,,DE,KENT,DOVER (2016),39 07 57.8    (N),075 32 42.7    (W),39.1327222222,-75.5451944444,,NAD 83,(1986),,HD_HELD2,12.70,NAVD 88,,VERTCON3,-34.458,GEOID18,,,,,,,,,,,,,,,DE,125748.,188887.,,,,,,,,D,1975,20111122,MARK NOT FOUND,DELCOS,Y,DV = VERTICAL CONTROL DISK,31 = SET IN A PAVEMENT SUCH AS STREET SIDEWALK CURB ETC.,A 35 RESET 1975
,20260103,http://www.ngs.noaa.gov/cgi-bin/ds_mark.prl?PidBox=HU0055,HU0055,A 36,,,,DE,SUSSEX,ELLENDALE (2016),38 51 40.     (N),075 25 26.     (W),38.8611111111,-75.4238888889,,NAD 83,(1986),,SCALED,14.172,NAVD 88,,ADJUSTED,-35.389,GEOID18,14.164,980037.9,,,,,,,,1,1,,,,DE,95590.,199370.,,,,,,,,C,1963,20220430,GOOD,INDIV,N,DB = BENCH MARK DISK,7 = SET IN TOP OF CONCRETE MONUMENT,A 36 1963
,20260103,http://www.ngs.noaa.gov/cgi-bin/ds_mark.prl?PidBox=JU1036,JU1036,A 37,,,,DE,KENT,LITTLE CREEK (2016),39 11 38.     (N),075 24 10.     (W),39.1938888889,-75.4027777778,,NAD 83,(1986),,SCALED,1.338,NAVD 88,,ADJUSTED,-34.417,GEOID18,1.338,980092.0,,,,,,,,1,1,,,,DE,132530.,201200.,,,,,,,,C,1963,20120322,MARK NOT FOUND,DELCOS,,DB = BENCH MARK DISK,7 = SET IN TOP OF CONCRETE MONUMENT,A 37 1963
,20260103,http://www.ngs.noaa.gov/cgi-bin/ds_mark.prl?PidBox=JU1074,JU1074,A 38,,,,DE,NEW CASTLE,MIDDLETOWN (2016),39 22 41.3    (N),075 41 04.3    (W),39.3781388889,-75.6845277778,,NAD 83,(1986),,HD_HELD2,15.683,NAVD 88,,ADJUSTED,-33.639,GEOID18,15.675,980115.5,,,,,,,,1,1,,,,DE,153020.,176920.,,,,,,,,B,1963,20130711,GOOD,DELCOS,N,DB = BENCH MARK DISK,46 = COPPER-CLAD STEEL ROD W/O SLEEVE (10 FT.+),A 38 1963
,20260103,http://www.ngs.noaa.gov/cgi-bin/ds_mark.prl?PidBox=HU0737,HU0737,A 4 RESET,Y,,,DE,KENT,HARRINGTON (2016),38 53 47.54312(N),075 34 34.73253(W),38.8965397556,-75.5763145917,-16.633,NAD 83,(2011),2010.00,ADJUSTED,18.55,NAVD 88,,GPS OBS,-35.182,GEOID18,,,0.61,0.71,0.26,0.24,0.36,0.00515525,,,,1238111.751,-4813864.555,3983374.080,DE,99531.997,186150.222,-0 06 00.9,0.99999997,18,4305453.419,450023.134,-0 21 42.8,0.99963076,C,1965,20120321,GOOD,DELCOS,Y,DB = BENCH MARK DISK,7 = SET IN TOP OF CONCRETE MONUMENT,A 4 RESET 1965
,20260103,http://www.ngs.noaa.gov/cgi-bin/ds_mark.prl?PidBox=JU1857,JU1857,A 40,,,,DE,NEW CASTLE,SAINT GEORGES (2016),39 36 26.6    (N),075 43 24.7    (W),39.6073888889,-75.7235277778,,NAD 83,(1986),,HD_HELD2,16.369,NAVD 88,,ADJUSTED,-33.092,GEOID18,16.362,980159.5,,,,,,,,1,2,,,,DE,178483.,173647.,,,,,,,,C,1971,20150511,GOOD,JARICE,Y,DB = BENCH MARK DISK,34 = SET IN THE FOOTINGS OF SMALL/MEDIUM STRUCTURES,A 40 1971
,20260103,http://www.ngs.noaa.gov/cgi-bin/ds_mark.prl?PidBox=HU2526,HU2526,A 42,,,,DE,SUSSEX,PITTSVILLE (2016),38 27 07.     (N),075 22 55.     (W),38.4519444444,-75.3819444444,,NAD 83,(1986),,SCALED,11.993,NAVD 88,,ADJUSTED,-35.833,GEOID18,11.985,980013.2,,,,,,,,2,1,,,,DE,50170.,203030.,,,,,,,,B,1990,20130105,MARK NOT FOUND,DELCOS,N,I = METAL ROD,59 = STAINLESS STEEL ROD IN SLEEVE (10 FT.+),A 42 1990
,20260103,http://www.ngs.noaa.gov/cgi-bin/ds_mark.prl?PidBox=HU2668,HU2668,A 42,,,,DE,SUSSEX,GEORGETOWN (2016),38 40 47.40   (N),075 23 38.49   (W),38.6798333333,-75.3940250000,,NAD 83,(1986),,HD_HELD1,14.558,NAVD 88,,ADJUSTED,-35.635,GEOID18,14.549,980024.7,,,,,,,,2,1,,,,DE,75463.4,201970.2,,,,,,,,B,1990,20120210,GOOD,DELCOS,Y,F = FLANGE-ENCASED ROD,49 = STAINLESS STEEL ROD W/O SLEEVE (10 FT.+),A 42 1990
,20260103,http://www.ngs.noaa.gov/cgi-bin/ds_mark.prl?PidBox=DL6559,DL6559,A 43,,,,DE,SUSSEX,MILTON (2016),38 50 01.1    (N),075 18 55.7    (W),38.8336388889,-75.3154722222,,NAD 83,(1986),,HD_HELD2,3.859,NAVD 88,,ADJUSTED,-35.502,GEOID18,3.857,980038.2,,,,,,,,2,2,,,,DE,92542.,208787.,,,,,,,,C,20091107,20120208,GOOD,DELCOS,Y,DD = SURVEY DISK,7 = SET IN TOP OF CONCRETE MONUMENT,A 43 2009
,20260103,http://www.ngs.noaa.gov/cgi-bin/ds_mark.prl?PidBox=DL4504,DL4504,A 44,,,,DE,SUSSEX,SELBYVILLE (2016),38 27 23.8    (N),075 13 10.9    (W),38.4566111111,-75.2196944444,,NAD 83,(1986),,HD_HELD2,10.864,NAVD 88,,ADJUSTED,-35.862,GEOID18,10.857,980018.3,,,,,,,,2,2,,,,DE,50702.,217193.,,,,,,,,C,20041020,20120213,GOOD,DELCOS,Y,DV = VERTICAL CONTROL DISK,7 = SET IN TOP OF CONCRETE MONUMENT,A 44 2004
,20260103,http://www.ngs.noaa.gov/cgi-bin/ds_mark.prl?PidBox=DM8469,DM8469,A 47,,,,DE,SUSSEX,MILTON (2016),38 48 07.61   (N),075 16 35.94   (W),38.8021138889,-75.2766500000,,NAD 83,(1986),,HD_HELD1,7.236,NAVD 88,,ADJUSTED,-35.565,GEOID18,7.232,980036.5,,,,,,,,2,1,,,,DE,89046.8,212162.8,,,,,,,,C,20100601,20100601,MONUMENTED,DEDT,Y,DD = SURVEY DISK,7 = SET IN TOP OF CONCRETE MONUMENT,A 47 2010
,20260103,http://www.ngs.noaa.gov/cgi-bin/ds_mark.prl?PidBox=HU0794,HU0794,A 5,,,,DE,SUSSEX,HICKMAN (2016),38 48 57.     (N),075 37 46.     (W),38.8158333333,-75.6294444444,,NAD 83,(1986),,SCALED,17.442,NAVD 88,,ADJUSTED,-35.309,GEOID18,17.431,980031.3,,,,,,,,2,0,,,,DE,90580.,181520.,,,,,,,,C,1935,20130105,MARK NOT FOUND,DELCOS,,DB = BENCH MARK DISK,7 = SET IN TOP OF CONCRETE MONUMENT,A 5 1935
,20260103,http://www.ngs.noaa.gov/cgi-bin/ds_mark.prl?PidBox=HU0348,HU0348,A 9,,,,DE,SUSSEX,SELBYVILLE (2016),38 27 54.     (N),075 14 27.     (W),38.4650000000,-75.2408333333,,NAD 83,(1986),,SCALED,12.122,NAVD 88,,ADJUSTED,-35.850,GEOID18,12.115,980018.3,,,,,,,,2,0,,,,DE,51630.,215350.,,,,,,,,C,1942,20130105,MARK NOT FOUND,DELCOS,,DB = BENCH MARK DISK,7 = SET IN TOP OF CONCRETE MONUMENT,A 9 1942
,20260103,http://www.ngs.noaa.gov/cgi-bin/ds_mark.prl?PidBox=HU0047,HU0047,AHEM,,,,DE,SUSSEX,MISPILLION RIVER (2016),38 56 50.     (N),075 18 55.     (W),38.9472222222,-75.3152777778,,NAD 83,(1986),,SCALED,0.879,NAVD 88,,ADJUSTED,-35.290,GEOID18,0.878,980050.7,,,,,,,,2,0,,,,DE,105150.,208790.,,,,,,,,D,1946,1995,MARK NOT FOUND,USPSQD,,DT = TOPOGRAPHIC STATION DISK,21 = SET IN CONCRETE IN A CLAY TILE PIPE,AHEM 1946
,20260103,http://www.ngs.noaa.gov/cgi-bin/ds_mark.prl?PidBox=HU2037,HU2037,ALLEN,,,,DE,SUSSEX,SEAFORD WEST (2016),38 40 39.06577(N),075 42 37.83730(W),38.6775182694,-75.7105103611,,NAD 83,(1991),,ADJUSTED,14.0,NAVD 88,,VERTCON3,-35.441,GEOID18,,,,,,,,,2,,,,,,DE,75247.092,174430.340,-0 11 01.1,1.00000642,18,4281230.913,438197.015,-0 26 38.5,0.99964704,C,1962,20130105,MARK NOT FOUND,DELCOS,,DS = TRIANGULATION STATION DISK,7 = SET IN TOP OF CONCRETE MONUMENT,ALLEN 1962
,20260103,http://www.ngs.noaa.gov/cgi-bin/ds_mark.prl?PidBox=HU1743,HU1743,ANDREWS,,,,DE,SUSSEX,DELMAR (2016),38 27 17.83010(N),075 31 49.93831(W),38.4549528056,-75.5305384194,,NAD 83,(1991),,ADJUSTED,15.2,NAVD 88,,VERTCON3,-35.758,GEOID18,,,,,,,,,2,,,,,,DE,50506.009,190060.517,-0 04 14.9,0.99999945,18,4256428.226,453709.228,-0 19 47.8,0.99962639,C,1974,20130105,MARK NOT FOUND,DELCOS,,DH = HORIZONTAL CONTROL DISK,7 = SET IN TOP OF CONCRETE MONUMENT,ANDREWS 1974
,20260103,http://www.ngs.noaa.gov/cgi-bin/ds_mark.prl?PidBox=HU0164,HU0164,AP STA B,,,,DE,SUSSEX,HARBESON (2016),38 41 05.     (N),075 21 54.     (W),38.6847222222,-75.3650000000,,NAD 83,(1986),,SCALED,14.734,NAVD 88,,ADJUSTED,-35.641,GEOID18,14.725,980025.5,,,,,,,,2,0,,,,DE,76010.,204500.,,,,,,,,D,1955,19901031,MARK NOT FOUND,NGS,,DT = TOPOGRAPHIC STATION DISK,31 = SET IN A PAVEMENT SUCH AS STREET SIDEWALK CURB ETC.,AP 1955 STA B
,20260103,http://www.ngs.noaa.gov/cgi-bin/ds_mark.prl?PidBox=JU3437,JU3437,APPOQUINIMINK,,,,DE,NEW CASTLE,MIDDLETOWN (2016),39 27 09.07475(N),075 39 17.23857(W),39.4525207639,-75.6547884917,,NAD 83,(1991),,ADJUSTED,2.,NAVD 88,,SCALED,-33.578,GEOID18,,,,,,,,,2,,,,,,DE,161270.989,179504.491,-0 09 04.7,1.00000516,18,4367199.815,443663.408,-0 24 57.9,0.99963908,B,1933,20130308,MARK NOT FOUND,DELCOS,,DS = TRIANGULATION STATION DISK,38 = SET IN THE ABUTMENT OR PIER OF A LARGE BRIDGE,APPOQUINIMINK 1933
,20260103,http://www.ngs.noaa.gov/cgi-bin/ds_mark.prl?PidBox=JU0783,JU0783,ARCHEMERE,,,,DE,NEW CASTLE,MARCUS HOOK (2019),39 48 15.62205(N),075 27 15.02427(W),39.8043394583,-75.4541734083,,NAD 83,(1991),,ADJUSTED,28.048,NAVD 88,,ADJUSTED,-32.946,GEOID18,28.035,980178.2,,,,,,,2,1,2,,,,DE,200305.954,196788.048,-0 01 26.4,0.99999590,18,4406139.826,461121.396,-0 17 26.7,0.99961861,C,1956,20130308,MARK NOT FOUND,DELCOS,,DS = TRIANGULATION STATION DISK,7 = SET IN TOP OF CONCRETE MONUMENT,ARCHEMERE 1959
,20260103,http://www.ngs.noaa.gov/cgi-bin/ds_mark.prl?PidBox=JU0784,JU0784,ARCHEMERE RM 1,,,,DE,NEW CASTLE,MARCUS HOOK (2019),39 48 15.01   (N),075 27 14.39   (W),39.8041694444,-75.4539972222,,NAD 83,(1986),,HD_HELD1,27.643,NAVD 88,,ADJUSTED,-32.946,GEOID18,27.631,980178.2,,,,,,,,1,2,,,,DE,200287.1,196803.1,,,,,,,,C,1959,20130308,MARK NOT FOUND,DELCOS,,DR = REFERENCE MARK DISK,7 = SET IN TOP OF CONCRETE MONUMENT,ARCHEMERE NO 1 1959
,20260103,http://www.ngs.noaa.gov/cgi-bin/ds_mark.prl?PidBox=JU0785,JU0785,ARCHEMERE RM 2,,,,DE,NEW CASTLE,MARCUS HOOK (2019),39 48 15.02   (N),075 27 15.74   (W),39.8041722222,-75.4543722222,,NAD 83,(1986),,HD_HELD1,28.371,NAVD 88,,ADJUSTED,-32.946,GEOID18,28.359,980178.2,,,,,,,,1,2,,,,DE,200287.4,196771.0,,,,,,,,C,1959,20130308,MARK NOT FOUND,DELCOS,,DR = REFERENCE MARK DISK,7 = SET IN TOP OF CONCRETE MONUMENT,ARCHEMERE NO 2 1959
,20260103,http://www.ngs.noaa.gov/cgi-bin/ds_mark.prl?PidBox=HU0165,HU0165,ARP,,,,DE,SUSSEX,HARBESON (2016),38 41 23.     (N),075 21 37.     (W),38.6897222222,-75.3602777778,,NAD 83,(1986),,SCALED,15.030,NAVD 88,,ADJUSTED,-35.639,GEOID18,15.021,980025.8,,,,,,,,2,0,,,,DE,76560.,204910.,,,,,,,,D,1955,19950908,MARK NOT FOUND,USPSQD,,DT = TOPOGRAPHIC STATION DISK,31 = SET IN A PAVEMENT SUCH AS STREET SIDEWALK CURB ETC.,ARP 1955
,20260103,http://www.ngs.noaa.gov/cgi-bin/ds_mark.prl?PidBox=HU2041,HU2041,ATLANTA,,,,DE,SUSSEX,SEAFORD WEST (2016),38 42 20.39957(N),075 42 46.29153(W),38.7056665472,-75.7128587583,,NAD 83,(1991),,ADJUSTED,13.9,NAVD 88,,VERTCON3,-35.402,GEOID18,,,,,,,,,2,,,,,,DE,78372.473,174236.085,-0 11 06.8,1.00000655,18,4284356.032,438017.034,-0 26 44.8,0.99964731,C,1962,20171204,GOOD,ARCSHE,Y,DS = TRIANGULATION STATION DISK,7 = SET IN TOP OF CONCRETE MONUMENT,ATLANTA 1962
,20260103,http://www.ngs.noaa.gov/cgi-bin/ds_mark.prl?PidBox=JU1931,JU1931,B,,,,DE,NEW CASTLE,SAINT GEORGES (2016),39 32 44.     (N),075 42 10.     (W),39.5455555556,-75.7027777778,,NAD 83,(1986),,SCALED,15.660,NAVD 88,,ADJUSTED,-33.287,GEOID18,15.653,980139.7,,,,,,,,1,1,,,,DE,171610.,175410.,,,,,,,,C,UNK,19891101,MARK NOT FOUND,USGS,,DD = SURVEY DISK,7 = SET IN TOP OF CONCRETE MONUMENT,B
,20260103,http://www.ngs.noaa.gov/cgi-bin/ds_mark.prl?PidBox=JU0810,JU0810,B 1,,,,DE,NEW CASTLE,MARCUS HOOK (2019),39 45 02.63149(N),075 29 38.79401(W),39.7507309694,-75.4941094472,,NAD 83,(1991),,NO CHECK,2.794,NAVD 88,,ADJUSTED,-32.973,GEOID18,2.793,980173.5,,,,,,,3,1,1,,,,DE,194356.009,193362.911,-0 02 58.3,1.00000027,18,4400208.107,457669.907,-0 18 57.5,0.99962206,B,1931,20130308,MARK NOT FOUND,DELCOS,,DB = BENCH MARK DISK,36 = SET IN A MASSIVE STRUCTURE,10.322 B 1 1931
,20260103,http://www.ngs.noaa.gov/cgi-bin/ds_mark.prl?PidBox=HU0977,HU0977,B 10,,,,DE,SUSSEX,LAUREL (2016),38 32 16.     (N),075 35 32.     (W),38.5377777778,-75.5922222222,,NAD 83,(1986),,SCALED,9.209,NAVD 88,,ADJUSTED,-35.669,GEOID18,9.203,980013.5,,,,,,,,2,0,,,,DE,59710.,184690.,,,,,,,,C,1942,20130105,MARK NOT FOUND,DELCOS,,DB = BENCH MARK DISK,7 = SET IN TOP OF CONCRETE MONUMENT,B 10 1942
,20260103,http://www.ngs.noaa.gov/cgi-bin/ds_mark.prl?PidBox=HU0830,HU0830,B 11,,,,DE,KENT,BURRSVILLE (2016),38 58 25.     (N),075 41 02.     (W),38.9736111111,-75.6838888889,,NAD 83,(1986),,SCALED,17.904,NAVD 88,,ADJUSTED,-34.825,GEOID18,17.894,980052.5,,,,,,,,2,0,,,,DE,108110.,176840.,,,,,,,,C,1942,20120326,MARK NOT FOUND,DELCOS,,DB = BENCH MARK DISK,7 = SET IN TOP OF CONCRETE MONUMENT,B 11 1942
,20260103,http://www.ngs.noaa.gov/cgi-bin/ds_mark.prl?PidBox=JU1304,JU1304,B 12,,,,DE,KENT,MARYDEL (2016),39 02 16.     (N),075 42 02.     (W),39.0377777778,-75.7005555556,,NAD 83,(1986),,SCALED,16.946,NAVD 88,,ADJUSTED,-34.567,GEOID18,16.936,980064.1,,,,,,,,2,0,,,,DE,115240.,175420.,,,,,,,,C,1942,20120322,MARK NOT FOUND,DELCOS,,DB = BENCH MARK DISK,7 = SET IN TOP OF CONCRETE MONUMENT,B 12 1942
,20260103,http://www.ngs.noaa.gov/cgi-bin/ds_mark.prl?PidBox=JU1231,JU1231,B 13,,,,DE,KENT,CLAYTON (2016),39 17 10.     (N),075 39 02.     (W),39.2861111111,-75.6505555556,,NAD 83,(1986),,SCALED,13.722,NAVD 88,,ADJUSTED,-33.834,GEOID18,13.714,980107.7,,,,,,,,2,0,,,,DE,142800.,179820.,,,,,,,,C,1942,20120322,MARK NOT FOUND,DELCOS,,DB = BENCH MARK DISK,7 = SET IN TOP OF CONCRETE MONUMENT,B 13 1942
,20260103,http://www.ngs.noaa.gov/cgi-bin/ds_mark.prl?PidBox=JU1097,JU1097,B 2,,,,DE,KENT,DOVER (2016),39 11 42.71   (N),075 33 53.37   (W),39.1951972222,-75.5648250000,,NAD 83,(1986),,HD_HELD1,7.242,NAVD 88,,ADJUSTED,-34.202,GEOID18,7.238,980094.4,,,,,,,,1,1,,,,DE,132686.0,187201.0,,,,,,,,B,1931,20190815,GOOD,USPSQD,N,DB = BENCH MARK DISK,36 = SET IN A MASSIVE STRUCTURE,25.033 B 2 1931
,20260103,http://www.ngs.noaa.gov/cgi-bin/ds_mark.prl?PidBox=JU0782,JU0782,B 21,,,,DE,NEW CASTLE,MARCUS HOOK (2019),39 48 36.13   (N),075 26 26.65   (W),39.8100361111,-75.4407361111,,NAD 83,(1986),,HD_HELD1,10.479,NAVD 88,,ADJUSTED,-32.959,GEOID18,10.474,980175.9,,,,,,,,1,2,,,,DE,200938.1,197938.9,,,,,,,,B,1959,20081125,GOOD,OPUS,Y,DB = BENCH MARK DISK,36 = SET IN A MASSIVE STRUCTURE,B 21 1959
,20260103,http://www.ngs.noaa.gov/cgi-bin/ds_mark.prl?PidBox=JU1438,JU1438,B 22,,,,DE,NEW CASTLE,WILMINGTON NORTH (2016),39 45 21.     (N),075 33 05.     (W),39.7558333333,-75.5513888889,,NAD 83,(1986),,SCALED,12.319,NAVD 88,,ADJUSTED,-32.901,GEOID18,12.314,980174.6,,,,,,,,2,0,,,,DE,194930.,188460.,,,,,,,,C,1959,20030316,MARK NOT FOUND,USPSQD,N,DB = BENCH MARK DISK,38 = SET IN THE ABUTMENT OR PIER OF A LARGE BRIDGE,B 22 1959
,20260103,http://www.ngs.noaa.gov/cgi-bin/ds_mark.prl?PidBox=JU4287,JU4287,B 23 RESET,,,,DE,NEW CASTLE,NEWARK EAST (2016),39 41 28.4    (N),075 39 14.6    (W),39.6912222222,-75.6540555556,,NAD 83,(1986),,HD_HELD2,11.19,NAVD 88,,RESET,-32.973,GEOID18,,,,,,,,,,3,,,,,DE,187773.,179638.,,,,,,,,B,1983,20130711,GOOD,DELCOS,N,DV = VERTICAL CONTROL DISK,37 = SET IN A MASSIVE RETAINING WALL,B 23 RESET 1983
,20260103,http://www.ngs.noaa.gov/cgi-bin/ds_mark.prl?PidBox=HU0135,HU0135,B 27,,,,DE,SUSSEX,FAIRMOUNT (2016),38 44 37.     (N),075 09 03.     (W),38.7436111111,-75.1508333333,,NAD 83,(1986),,SCALED,7.510,NAVD 88,,ADJUSTED,-35.656,GEOID18,7.506,980035.4,,,,,,,,2,0,,,,DE,82580.,223110.,,,,,,,,C,1961,20120214,MARK NOT FOUND,DELCOS,,DB = BENCH MARK DISK,7 = SET IN TOP OF CONCRETE MONUMENT,B 27 1961
,20260103,http://www.ngs.noaa.gov/cgi-bin/ds_mark.prl?PidBox=HU0104,HU0104,B 28,,,,DE,SUSSEX,BETHANY BEACH (2016),38 33 41.     (N),075 03 36.     (W),38.5613888889,-75.0600000000,,NAD 83,(1986),,SCALED,0.709,NAVD 88,,ADJUSTED,-35.777,GEOID18,0.708,980030.8,,,,,,,,2,0,,,,DE,62380.,231090.,,,,,,,,C,1962,1981,GOOD,UDE,,DB = BENCH MARK DISK,32 = SET IN A RETAINING WALL OR CONCRETE LEDGE,B 28 1962
,20260103,http://www.ngs.noaa.gov/cgi-bin/ds_mark.prl?PidBox=HU0139,HU0139,B 29,,,,DE,SUSSEX,BETHANY BEACH (2016),38 32 43.29   (N),075 05 59.31   (W),38.5453583333,-75.0998083333,,NAD 83,(1986),,HD_HELD1,3.107,NAVD 88,,ADJUSTED,-35.786,GEOID18,3.105,980028.1,,,,,,,,2,0,,,,DE,60583.0,227623.0,,,,,,,,B,1962,20030901,GOOD,INDIV,,DB = BENCH MARK DISK,36 = SET IN A MASSIVE STRUCTURE,B 29 1962
,20260103,http://www.ngs.noaa.gov/cgi-bin/ds_mark.prl?PidBox=HU2729,HU2729,B 30 RESET,,,,DE,SUSSEX,LEWES (2016),38 49 10.75147(N),075 13 40.28802(W),38.8196531861,-75.2278577833,-34.121,NAD 83,(2011),2010.00,ADJUSTED,1.449,NAVD 88,,ADJUSTED,-35.559,GEOID18,1.448,980039.8,0.71,0.73,0.31,0.27,0.37,-0.09838206,,1,2,1268727.173,-4811410.593,3976716.607,DE,91001.469,216397.198,+0 07 06.1,1.00000366,18,4296788.270,480219.394,-0 08 34.2,0.99960482,B,1989,20131022,GOOD,DELCOS,Y,DV = VERTICAL CONTROL DISK,36 = SET IN A MASSIVE STRUCTURE,B 30 RESET 1989
,20260103,http://www.ngs.noaa.gov/cgi-bin/ds_mark.prl?PidBox=HU0184,HU0184,B 33,,,,DE,SUSSEX,MILTON (2016),38 51 24.     (N),075 22 18.     (W),38.8566666667,-75.3716666667,,NAD 83,(1986),,SCALED,10.231,NAVD 88,,ADJUSTED,-35.432,GEOID18,10.224,980038.9,,,,,,,,2,0,,,,DE,95090.,203910.,,,,,,,,C,1962,19940927,MARK NOT FOUND,USPSQD,,DB = BENCH MARK DISK,7 = SET IN TOP OF CONCRETE MONUMENT,B 33 1962
,20260103,http://www.ngs.noaa.gov/cgi-bin/ds_mark.prl?PidBox=HU0738,HU0738,B 34,,,,DE,KENT,HARRINGTON (2016),38 53 02.56   (N),075 34 35.47   (W),38.8840444444,-75.5765194444,,NAD 83,(1986),,HD_HELD1,18.865,NAVD 88,,ADJUSTED,-35.212,GEOID18,18.854,980039.0,,,,,,,,1,1,,,,DE,98144.9,186130.0,,,,,,,,C,1963,20120321,GOOD,DELCOS,Y,DB = BENCH MARK DISK,7 = SET IN TOP OF CONCRETE MONUMENT,B 34 1963
,20260103,http://www.ngs.noaa.gov/cgi-bin/ds_mark.prl?PidBox=JU1112,JU1112,B 35,,,,DE,KENT,WYOMING (2016),39 07 22.33   (N),075 33 18.06   (W),39.1228694444,-75.5550166667,,NAD 83,(1986),,HD_HELD1,9.525,NAVD 88,,ADJUSTED,-34.479,GEOID18,9.520,980079.3,,,,,,,,1,1,,,,DE,124655.0,188036.0,,,,,,,,B,1963,20190621,GOOD,USPSQD,Y,DB = BENCH MARK DISK,36 = SET IN A MASSIVE STRUCTURE,B 35 1963
,20260103,http://www.ngs.noaa.gov/cgi-bin/ds_mark.prl?PidBox=HU0056,HU0056,B 36,,,,DE,SUSSEX,ELLENDALE (2016),38 50 47.     (N),075 25 26.     (W),38.8463888889,-75.4238888889,,NAD 83,(1986),,SCALED,8.140,NAVD 88,,ADJUSTED,-35.413,GEOID18,8.135,980036.6,,,,,,,,1,1,,,,DE,93950.,199370.,,,,,,,,C,1963,1995,GOOD,USPSQD,,DB = BENCH MARK DISK,34 = SET IN THE FOOTINGS OF SMALL/MEDIUM STRUCTURES,B 36 1963
,20260103,http://www.ngs.noaa.gov/cgi-bin/ds_mark.prl?PidBox=JU1345,JU1345,B 37,,,,DE,KENT,SMYRNA (2016),39 17 41.10087(N),075 37 14.99213(W),39.2947502417,-75.6208311472,-23.719,NAD 83,(2011),2010.00,ADJUSTED,10.130,NAVD 88,,ADJUSTED,-33.853,GEOID18,10.125,980108.6,0.29,0.43,0.12,0.12,0.22,0.00253977,,1,1,1227446.590,-4787814.742,4017679.210,DE,143747.789,182387.659,-0 07 45.5,1.00000254,18,4349669.854,446464.688,-0 23 35.5,0.99963529,C,1963,20121010,GOOD,USFWS,Y,DB = BENCH MARK DISK,7 = SET IN TOP OF CONCRETE MONUMENT,B 37 1963
,20260103,http://www.ngs.noaa.gov/cgi-bin/ds_mark.prl?PidBox=JU1082,JU1082,B 38,,,,DE,KENT,CLAYTON (2016),39 17 42.     (N),075 38 07.     (W),39.2950000000,-75.6352777778,,NAD 83,(1986),,SCALED,11.984,NAVD 88,,ADJUSTED,-33.834,GEOID18,11.978,980108.7,,,,,,,,1,1,,,,DE,143780.,181140.,,,,,,,,B,1963,20020615,MARK NOT FOUND,USPSQD,,DB = BENCH MARK DISK,46 = COPPER-CLAD STEEL ROD W/O SLEEVE (10 FT.+),B 38 1963
,20260103,http://www.ngs.noaa.gov/cgi-bin/ds_mark.prl?PidBox=JU2183,JU2183,B 41,,,,DE,NEW CASTLE,DELAWARE CITY (2016),39 33 24.     (N),075 34 56.     (W),39.5566666667,-75.5822222222,,NAD 83,(1986),,SCALED,38.582,NAVD 88,,ADJUSTED,-33.415,GEOID18,38.562,980127.8,,,,,,,,1,2,,,,DE,172820.,185770.,,,,,,,,B,1979,20030309,GOOD,USPSQD,Y,DV = VERTICAL CONTROL DISK,38 = SET IN THE ABUTMENT OR PIER OF A LARGE BRIDGE,B 41 1979
,20260103,http://www.ngs.noaa.gov/cgi-bin/ds_mark.prl?PidBox=HU2669,HU2669,B 42,,,,DE,SUSSEX,HARBESON (2016),38 38 31.     (N),075 21 30.     (W),38.6419444444,-75.3583333333,,NAD 83,(1986),,SCALED,12.605,NAVD 88,,ADJUSTED,-35.678,GEOID18,12.597,980023.0,,,,,,,,2,2,,,,DE,71260.,205080.,,,,,,,,B,1990,1990,MONUMENTED,NGS,Y,I = METAL ROD,49 = STAINLESS STEEL ROD W/O SLEEVE (10 FT.+),B 42 1990
,20260103,http://www.ngs.noaa.gov/cgi-bin/ds_mark.prl?PidBox=DL6560,DL6560,B 43,,,,DE,SUSSEX,MILTON (2016),38 50 35.92727(N),075 19 16.04662(W),38.8433131306,-75.3211240611,-30.658,NAD 83,(2011),2010.00,ADJUSTED,4.825,NAVD 88,,ADJUSTED,-35.485,GEOID18,4.823,980039.0,0.69,0.65,0.30,0.26,0.33,-0.05488678,,2,2,1260476.816,-4811878.900,3978764.829,DE,93615.401,208294.695,+0 03 35.7,1.00000066,18,4299438.088,472132.049,-0 12 05.1,0.99960956,C,20091107,20131008,GOOD,DELCOS,Y,DD = SURVEY DISK,7 = SET IN TOP OF CONCRETE MONUMENT,B 43 2009
,20260103,http://www.ngs.noaa.gov/cgi-bin/ds_mark.prl?PidBox=DL4505,DL4505,B 44,,,,DE,SUSSEX,SELBYVILLE (2016),38 27 24.0    (N),075 12 14.1    (W),38.4566666667,-75.2039166667,,NAD 83,(1986),,HD_HELD2,8.417,NAVD 88,,ADJUSTED,-35.865,GEOID18,8.412,980018.8,,,,,,,,2,2,,,,DE,50712.,218570.,,,,,,,,C,20041020,20120213,GOOD,DELCOS,N,DV = VERTICAL CONTROL DISK,7 = SET IN TOP OF CONCRETE MONUMENT,B 44 2004
,20260103,http://www.ngs.noaa.gov/cgi-bin/ds_mark.prl?PidBox=DM8470,DM8470,B 47,,,,DE,SUSSEX,MILTON (2016),38 47 40.5    (N),075 17 15.2    (W),38.7945833333,-75.2875555556,,NAD 83,(1986),,HD_HELD2,6.306,NAVD 88,,ADJUSTED,-35.569,GEOID18,6.302,980035.5,,,,,,,,2,1,,,,DE,88209.,211217.,,,,,,,,C,20100601,20100601,MONUMENTED,DEDT,N,DD = SURVEY DISK,7 = SET IN TOP OF CONCRETE MONUMENT,B 47 2010
,20260103,http://www.ngs.noaa.gov/cgi-bin/ds_mark.prl?PidBox=JU1377,JU1377,B 7,,,,DE,NEW CASTLE,WILMINGTON SOUTH (2016),39 44 06.     (N),075 33 56.     (W),39.7350000000,-75.5655555556,,NAD 83,(1986),,SCALED,3.247,NAVD 88,,ADJUSTED,-32.933,GEOID18,3.245,980174.7,,,,,,,,1,1,,,,DE,192620.,187240.,,,,,,,,C,1935,1979,MARK NOT FOUND,NGS,,DB = BENCH MARK DISK,7 = SET IN TOP OF CONCRETE MONUMENT,B 7 1935
,20260103,http://www.ngs.noaa.gov/cgi-bin/ds_mark.prl?PidBox=HU1016,HU1016,B 8,,,,DE,SUSSEX,LAUREL (2016),38 33 16.77   (N),075 32 20.91   (W),38.5546583333,-75.5391416667,,NAD 83,(1986),,HD_HELD1,6.635,NAVD 88,,ADJUSTED,-35.682,GEOID18,6.631,980014.8,,,,,,,,2,0,,,,DE,61574.8,189324.3,,,,,,,,B,1942,20130611,GOOD,DELCOS,N,DB = BENCH MARK DISK,38 = SET IN THE ABUTMENT OR PIER OF A LARGE BRIDGE,B 8 1942
,20260103,http://www.ngs.noaa.gov/cgi-bin/ds_mark.prl?PidBox=HU0349,HU0349,B 9,,,,DE,SUSSEX,WHALEYVILLE (2016),38 28 30.68   (N),075 15 18.67   (W),38.4751888889,-75.2551861111,,NAD 83,(1986),,HD_HELD1,11.796,NAVD 88,,ADJUSTED,-35.837,GEOID18,11.789,980018.4,,,,,,,,2,0,,,,DE,52758.5,214091.2,,,,,,,,C,1942,20130105,MARK NOT FOUND,DELCOS,,DB = BENCH MARK DISK,7 = SET IN TOP OF CONCRETE MONUMENT,B 9 1942
,20260103,http://www.ngs.noaa.gov/cgi-bin/ds_mark.prl?PidBox=DQ0866,DQ0866,B50,Y,,,DE,SUSSEX,GEORGETOWN (2016),38 41 54.31513(N),075 25 52.63024(W),38.6984208694,-75.4312861778,-23.173,NAD 83,(2011),2010.00,ADJUSTED,12.43,NAVD 88,,GPS OBS,-35.601,GEOID18,,,0.77,0.78,0.33,0.30,0.40,-0.10255399,,,,1253757.792,-4824047.587,3966229.070,DE,77526.594,198728.212,-0 00 32.9,0.99999866,18,4283399.142,462496.080,-0 16 10.7,0.99961732,C,2013,20131015,GOOD,DELCOS,Y,DV = VERTICAL CONTROL DISK,7 = SET IN TOP OF CONCRETE MONUMENT,B50
,20260103,http://www.ngs.noaa.gov/cgi-bin/ds_mark.prl?PidBox=JU3775,JU3775,BAKER REAR RANGE LIGHT,,,,DE,NEW CASTLE,DELAWARE CITY (2016),39 32 27.09872(N),075 34 11.49333(W),39.5408607556,-75.5698592583,,NAD 83,(1991),,ADJUSTED,,,,,-33.481,GEOID18,,,,,,,,,3,,,,,,DE,171063.030,186831.163,-0 05 51.1,,18,4376954.306,451032.609,-0 21 46.1,0.99962952,,1933,20070929,GOOD,GEOCAC,,14 = NAVIGATION LIGHT,,
,20260103,http://www.ngs.noaa.gov/cgi-bin/ds_mark.prl?PidBox=JU1460,JU1460,BASIN,,,,DE,NEW CASTLE,WILMINGTON SOUTH (2016),39 41 50.22055(N),075 36 07.81374(W),39.6972834861,-75.6021704833,,NAD 83,(1991),,ADJUSTED,4.137,NAVD 88,,POSTED,-32.990,GEOID18,4.13,980169.0,,,,,,,2,,,,,,DE,188435.384,184089.460,-0 07 06.6,1.00000265,18,4394332.817,448372.474,-0 23 04.7,0.99963281,C,1958,20130711,GOOD,DELCOS,Y,DE = TRAVERSE STATION DISK,7 = SET IN TOP OF CONCRETE MONUMENT,BASIN 1958
,20260103,http://www.ngs.noaa.gov/cgi-bin/ds_mark.prl?PidBox=JU1461,JU1461,BASIN RM 1,,,,DE,NEW CASTLE,WILMINGTON SOUTH (2016),39 41 50.24   (N),075 36 07.36   (W),39.6972888889,-75.6020444444,,NAD 83,(1986),,HD_HELD1,4.266,NAVD 88,,POSTED,-32.990,GEOID18,4.26,980169.0,,,,,,,,,,,,,DE,188436.0,184100.3,,,,,,,,C,1958,1981,GOOD,UDE,,DR = REFERENCE MARK DISK,7 = SET IN TOP OF CONCRETE MONUMENT,BASIN NO 1 1958
,20260103,http://www.ngs.noaa.gov/cgi-bin/ds_mark.prl?PidBox=JU1462,JU1462,BASIN RM 2,,,,DE,NEW CASTLE,WILMINGTON SOUTH (2016),39 41 49.94   (N),075 36 07.57   (W),39.6972055556,-75.6021027778,,NAD 83,(1986),,HD_HELD1,4.474,NAVD 88,,POSTED,-32.990,GEOID18,4.47,980169.0,,,,,,,,,,,,,DE,188426.7,184095.2,,,,,,,,C,1958,1981,POOR,UDE,,DR = REFERENCE MARK DISK,7 = SET IN TOP OF CONCRETE MONUMENT,BASIN NO 2 1958
,20260103,http://www.ngs.noaa.gov/cgi-bin/ds_mark.prl?PidBox=HU1347,HU1347,BAYSIDE LAB,,,,DE,SUSSEX,LEWES (2016),38 47 27.80089(N),075 09 42.43862(W),38.7910558028,-75.1617885056,,NAD 83,(1991),,ADJUSTED,3.8,NAVD 88,,VERTCON3,-35.605,GEOID18,,,,,,,,,2,,,,,,DE,87840.759,222143.874,+0 09 34.8,1.00000604,18,4293602.665,485949.335,-0 06 04.9,0.99960243,C,1962,1980,GOOD,LOCENG,,DS = TRIANGULATION STATION DISK,7 = SET IN TOP OF CONCRETE MONUMENT,BAYSIDE LAB 1962
,20260103,http://www.ngs.noaa.gov/cgi-bin/ds_mark.prl?PidBox=DN9215,DN9215,BB3,,,,DE,SUSSEX,LEWES (2016),38 49 37.41   (N),075 12 48.42   (W),38.8270583333,-75.2134500000,,NAD 83,(1986),,HD_HELD1,3.071,NAVD 88,,ADJUSTED,-35.552,GEOID18,3.069,980040.9,,,,,,,,1,2,,,,DE,91826.2,217646.6,,,,,,,,D,20000101,20120405,GOOD,USFWS,Y,DD = SURVEY DISK,7 = SET IN TOP OF CONCRETE MONUMENT,BB3 2000
,20260103,http://www.ngs.noaa.gov/cgi-bin/ds_mark.prl?PidBox=HU2683,HU2683,BDRY MON 30 DE MD=BURRS RESET,,,,DE,KENT,BURRSVILLE (2016),38 53 42.55292(N),075 43 40.72414(W),38.8951535889,-75.7279789278,,NAD 83,(1991),,ADJUSTED,16.255,NAVD 88,,ADJUSTED,-34.987,GEOID18,16.246,980039.9,,,,,,,3,2,1,,,,DE,99412.069,172992.490,-0 11 43.7,1.00000692,18,4305393.598,436869.739,-0 27 25.6,0.99964907,C,1983,20021029,GOOD,MDSHA,N,DH = HORIZONTAL CONTROL DISK,7 = SET IN TOP OF CONCRETE MONUMENT,BOUNDARY MONUMENT BURRS 1934 1983
,20260103,http://www.ngs.noaa.gov/cgi-bin/ds_mark.prl?PidBox=DI0948,DI0948,BEEBE,,,,DE,SUSSEX,LEWES (2016),38 47 20.12527(N),075 09 34.44167(W),38.7889236861,-75.1595671306,-33.418,NAD 83,(2011),2010.00,ADJUSTED,2.189,NAVD 88,,ADJUSTED,-35.608,GEOID18,2.188,980039.5,0.88,1.18,0.39,0.32,0.60,-0.13848025,,2,2,1275008.652,-4811961.948,3974058.639,DE,87604.610,222337.533,+0 09 39.8,1.00000638,18,4293365.731,486141.840,-0 05 59.9,0.99960236,C,20050110,20140917,GOOD,BASE9,Y,DD = SURVEY DISK,7 = SET IN TOP OF CONCRETE MONUMENT,BEEBE 2005
,20260103,http://www.ngs.noaa.gov/cgi-bin/ds_mark.prl?PidBox=JU3684,JU3684,BELLEVUE FRONT RANGE LIGHT,,,,DE,NEW CASTLE,WILMINGTON SOUTH (2016),39 44 07.33928(N),075 30 14.31526(W),39.7353720222,-75.5039764611,,NAD 83,(1991),,ADJUSTED,,,,,-32.997,GEOID18,,,,,,,,,3,,,,,,DE,192651.495,192515.616,-0 03 20.9,,18,4398508.186,456815.015,-0 19 19.8,0.99962296,,1933,1982,GOOD,NOS,,14 = NAVIGATION LIGHT,,
,20260103,http://www.ngs.noaa.gov/cgi-bin/ds_mark.prl?PidBox=JU3692,JU3692,BELLEVUE REAR RANGE LIGHT,,,,DE,NEW CASTLE,WILMINGTON SOUTH (2016),39 43 13.11407(N),075 31 04.34657(W),39.7203094639,-75.5178740472,,NAD 83,(1991),,ADJUSTED,,,,,-33.017,GEOID18,,,,,,,,,3,,,,,,DE,190980.369,191322.397,-0 03 52.8,,18,4396843.244,455614.488,-0 19 51.4,0.99962425,,1933,20100925,GOOD,GEOCAC,Y,14 = NAVIGATION LIGHT,,
,20260103,http://www.ngs.noaa.gov/cgi-bin/ds_mark.prl?PidBox=JU3538,JU3538,BENNETT,,,,DE,NEW CASTLE,MILLINGTON (2016),39 18 04.89419(N),075 45 37.26451(W),39.3013594972,-75.7603512528,,NAD 83,(1991),,ADJUSTED,20.4,NAVD 88,,VERTCON3,-33.676,GEOID18,,,,,,,,,2,,,,,,DE,144517.998,170354.658,-0 13 03.7,1.00000791,18,4350495.183,434439.672,-0 28 53.8,0.99965292,C,1961,20130308,MARK NOT FOUND,DELCOS,,DS = TRIANGULATION STATION DISK,7 = SET IN TOP OF CONCRETE MONUMENT,BENNETT 1961
,20260103,http://www.ngs.noaa.gov/cgi-bin/ds_mark.prl?PidBox=HU1395,HU1395,BETHANY BEACH OBSERV TWR 4,,,,DE,SUSSEX,BETHANY BEACH (2016),38 35 18.84026(N),075 03 40.44955(W),38.5885667389,-75.0612359861,,NAD 83,(1991),,ADJUSTED,,,,,-35.750,GEOID18,,,,,,,,,3,,,,,,DE,65391.701,230967.088,+0 13 18.1,,18,4271122.782,494666.897,-0 02 17.5,0.99960035,,1962,20061007,GOOD,GEOCAC,,55 = TOWER,,
,20260103,http://www.ngs.noaa.gov/cgi-bin/ds_mark.prl?PidBox=HU1664,HU1664,BETHEL,,,,DE,SUSSEX,WHALEYVILLE (2016),38 27 09.95806(N),075 21 21.98511(W),38.4527661278,-75.3561069750,,NAD 83,(1991),,ADJUSTED,13.175,NAVD 88,,ADJUSTED,-35.840,GEOID18,13.167,980013.8,,,,,,,2,2,1,,,,DE,50258.873,205286.211,+0 02 15.6,0.99999890,18,4256112.352,468927.916,-0 13 17.2,0.99961189,C,1974,20130105,MARK NOT FOUND,DELCOS,Y,DH = HORIZONTAL CONTROL DISK,7 = SET IN TOP OF CONCRETE MONUMENT,BETHEL 1974
,20260103,http://www.ngs.noaa.gov/cgi-bin/ds_mark.prl?PidBox=HU1665,HU1665,BETHEL RM 3,,,,DE,SUSSEX,WHALEYVILLE (2016),38 27 07.95476(N),075 22 05.99397(W),38.4522096556,-75.3683316583,,NAD 83,(1991),,ADJUSTED,13.241,NAVD 88,,ADJUSTED,-35.838,GEOID18,13.233,980013.5,,,,,,,2,2,1,,,,DE,50196.472,204219.160,+0 01 48.2,0.99999877,18,4256054.799,467861.002,-0 13 44.6,0.99961272,C,1974,20130105,MARK NOT FOUND,DELCOS,Y,DR = REFERENCE MARK DISK,7 = SET IN TOP OF CONCRETE MONUMENT,BETHEL NO 3 1974
,20260103,http://www.ngs.noaa.gov/cgi-bin/ds_mark.prl?PidBox=JU3902,JU3902,BETHEL RM 3,,,,DE,NEW CASTLE,ELKTON (2016),39 31 58.84381(N),075 46 44.84478(W),39.5330121694,-75.7791235500,,NAD 83,(1991),,ADJUSTED,14.9,NAVD 88,,VERTCON3,-33.310,GEOID18,,,,,,,,,2,,,,,,DE,170243.170,168838.713,-0 13 50.6,1.00000984,18,4376218.016,433043.030,-0 29 45.4,0.99965520,C,1961,20130308,MARK NOT FOUND,DELCOS,,DR = REFERENCE MARK DISK,7 = SET IN TOP OF CONCRETE MONUMENT,BETHEL NO 3 1961
,20260103,http://www.ngs.noaa.gov/cgi-bin/ds_mark.prl?PidBox=JU4244,JU4244,BIG STONE BEACH TOWER,,,,DE,KENT,BENNETTS PIER (2016),39 00 01.16485(N),075 19 42.64449(W),39.0003235694,-75.3285123583,,NAD 83,(1991),,ADJUSTED,8.,NAVD 88,,SCALED,-35.150,GEOID18,,,,,,,,,3,,,,,,DE,111045.029,207636.418,+0 03 19.7,0.99999998,18,4316863.812,471553.636,-0 12 24.3,0.99960996,,1984,20020615,SEE DESCRIPTION,USPSQD,N,57 = LOOKOUT TOWER,,
,20260103,http://www.ngs.noaa.gov/cgi-bin/ds_mark.prl?PidBox=DI0949,DI0949,BISBEE,,,,DE,SUSSEX,CAPE HENLOPEN (2016),38 46 52.74795(N),075 06 37.17731(W),38.7813188750,-75.1103270306,-34.439,NAD 83,(2011),2010.00,ADJUSTED,1.177,NAVD 88,,ADJUSTED,-35.627,GEOID18,1.176,980039.7,0.79,1.08,0.35,0.29,0.55,-0.13563538,,2,2,1279279.269,-4811374.719,3973399.932,DE,86773.569,226618.487,+0 11 30.8,1.00000912,18,4292515.538,490417.251,-0 04 08.8,0.99960113,C,20050110,20120214,MARK NOT FOUND,DELCOS,Y,DD = SURVEY DISK,7 = SET IN TOP OF CONCRETE MONUMENT,BISBEE 2005
,20260103,http://www.ngs.noaa.gov/cgi-bin/ds_mark.prl?PidBox=HU1549,HU1549,BISHOPVILLE RM 3,,,,DE,SUSSEX,SELBYVILLE (2016),38 27 04.84714(N),075 11 08.37528(W),38.4513464278,-75.1856598000,,NAD 83,(1991),,ADJUSTED,8.2,NAVD 88,,VERTCON3,-35.875,GEOID18,,,,,,,,,2,,,,,,DE,50124.821,220164.828,+0 08 37.1,1.00000436,18,4255911.095,483799.970,-0 06 55.6,0.99960323,C,1974,20050614,GOOD,UE,Y,DR = REFERENCE MARK DISK,7 = SET IN TOP OF CONCRETE MONUMENT,BISHOPVILLE NO 3 1974
,20260103,http://www.ngs.noaa.gov/cgi-bin/ds_mark.prl?PidBox=HU1818,HU1818,BLACKWATER,,,,DE,SUSSEX,HEBRON (2016),38 27 43.93003(N),075 40 55.90040(W),38.4622027861,-75.6821945556,,NAD 83,(1991),,ADJUSTED,11.260,NAVD 88,,ADJUSTED,-35.651,GEOID18,11.253,980013.7,,,,,,,2,2,1,,,,DE,51338.050,176825.265,-0 09 54.6,1.00000544,18,4257319.797,440482.691,-0 25 27.6,0.99964362,C,1974,20180905,GOOD,PROFLN,Y,DH = HORIZONTAL CONTROL DISK,7 = SET IN TOP OF CONCRETE MONUMENT,BLACKWATER 1974
,20260103,http://www.ngs.noaa.gov/cgi-bin/ds_mark.prl?PidBox=HU1816,HU1816,BLACKWATER RM 3,,,,DE,SUSSEX,HEBRON (2016),38 27 57.62333(N),075 40 22.60538(W),38.4660064806,-75.6729459389,-24.285,NAD 83,(2011),2010.00,ADJUSTED,11.372,NAVD 88,,ADJUSTED,-35.656,GEOID18,11.365,980013.8,1.37,1.14,0.60,0.51,0.58,-0.01876603,,2,1,1237381.296,-4844881.069,3946060.441,DE,51757.992,177633.642,-0 09 33.9,1.00000497,18,4257735.929,441292.668,-0 25 07.0,0.99964244,C,1974,20180905,GOOD,PROFLN,Y,DR = REFERENCE MARK DISK,7 = SET IN TOP OF CONCRETE MONUMENT,BLACKWATER NO 3 1974
,20260103,http://www.ngs.noaa.gov/cgi-bin/ds_mark.prl?PidBox=JU1702,JU1702,BM USE,,,,DE,NEW CASTLE,WILMINGTON SOUTH (2016),39 42 38.     (N),075 36 32.     (W),39.7105555556,-75.6088888889,,NAD 83,(1986),,SCALED,3.560,NAVD 88,,ADJUSTED,-32.957,GEOID18,3.559,980171.6,,,,,,,,2,0,,,,DE,189910.,183520.,,,,,,,,B,UNK,20130308,MARK NOT FOUND,DELCOS,,DD = SURVEY DISK,36 = SET IN A MASSIVE STRUCTURE,
,20260103,http://www.ngs.noaa.gov/cgi-bin/ds_mark.prl?PidBox=DN8345,DN8345,BMH 1,,,,DE,KENT,LITTLE CREEK (2016),39 12 27.93   (N),075 27 58.43   (W),39.2077583333,-75.4662305556,,NAD 83,(1986),,HD_HELD1,3.735,NAVD 88,,ADJUSTED,-34.290,GEOID18,3.733,980095.9,,,,,,,,1,2,,,,DE,134071.3,195719.1,,,,,,,,C,19930101,19930101,MONUMENTED,USFWS,Y,DO = NOT SPECIFIED OR SEE DESCRIPTION,7 = SET IN TOP OF CONCRETE MONUMENT,BMH 1 1993
,20260103,http://www.ngs.noaa.gov/cgi-bin/ds_mark.prl?PidBox=DN8354,DN8354,BMH 10,,,,DE,KENT,LITTLE CREEK (2016),39 11 48.89   (N),075 28 45.32   (W),39.1969138889,-75.4792555556,,NAD 83,(1986),,HD_HELD1,4.689,NAVD 88,,ADJUSTED,-34.314,GEOID18,4.686,980094.2,,,,,,,,1,2,,,,DE,132868.0,194593.2,,,,,,,,C,20110915,20110915,MONUMENTED,USFWS,Y,DO = NOT SPECIFIED OR SEE DESCRIPTION,7 = SET IN TOP OF CONCRETE MONUMENT,BMH 10 2011
,20260103,http://www.ngs.noaa.gov/cgi-bin/ds_mark.prl?PidBox=DN8355,DN8355,BMH 11,,,,DE,KENT,LITTLE CREEK (2016),39 11 29.94   (N),075 28 00.89   (W),39.1916500000,-75.4669138889,,NAD 83,(1986),,HD_HELD1,5.602,NAVD 88,,ADJUSTED,-34.350,GEOID18,5.599,980092.9,,,,,,,,1,2,,,,DE,132283.0,195659.1,,,,,,,,C,20110915,20110915,MONUMENTED,USFWS,Y,DO = NOT SPECIFIED OR SEE DESCRIPTION,7 = SET IN TOP OF CONCRETE MONUMENT,BMH 11 2011
,20260103,http://www.ngs.noaa.gov/cgi-bin/ds_mark.prl?PidBox=DN8356,DN8356,BMH 12,,,,DE,KENT,LITTLE CREEK (2016),39 10 43.97   (N),075 27 12.74   (W),39.1788805556,-75.4535388889,,NAD 83,(1986),,HD_HELD1,4.159,NAVD 88,,ADJUSTED,-34.416,GEOID18,4.156,980090.1,,,,,,,,1,2,,,,DE,130864.8,196814.0,,,,,,,,C,20110915,20110915,MONUMENTED,USFWS,Y,DO = NOT SPECIFIED OR SEE DESCRIPTION,7 = SET IN TOP OF CONCRETE MONUMENT,BMH 12 2011
,20260103,http://www.ngs.noaa.gov/cgi-bin/ds_mark.prl?PidBox=DN8357,DN8357,BMH 13,,,,DE,KENT,LITTLE CREEK (2016),39 10 08.07   (N),075 28 07.16   (W),39.1689083333,-75.4686555556,,NAD 83,(1986),,HD_HELD1,4.714,NAVD 88,,ADJUSTED,-34.435,GEOID18,4.711,980088.4,,,,,,,,1,2,,,,DE,129758.3,195507.1,,,,,,,,C,20110915,20190812,GOOD,USPSQD,Y,DO = NOT SPECIFIED OR SEE DESCRIPTION,7 = SET IN TOP OF CONCRETE MONUMENT,BMH 13 2011
,20260103,http://www.ngs.noaa.gov/cgi-bin/ds_mark.prl?PidBox=DN8358,DN8358,BMH 14,,,,DE,KENT,LITTLE CREEK (2016),39 09 57.46   (N),075 29 06.37   (W),39.1659611111,-75.4851027778,,NAD 83,(1986),,HD_HELD1,5.418,NAVD 88,,ADJUSTED,-34.424,GEOID18,5.415,980088.1,,,,,,,,1,2,,,,DE,129432.1,194085.5,,,,,,,,C,20110915,20210303,GOOD,USPSQD,Y,DD = SURVEY DISK,7 = SET IN TOP OF CONCRETE MONUMENT,BMH 1014 2011
,20260103,http://www.ngs.noaa.gov/cgi-bin/ds_mark.prl?PidBox=DN8359,DN8359,BMH 15,,,,DE,KENT,LITTLE CREEK (2016),39 10 01.29   (N),075 26 53.48   (W),39.1670250000,-75.4481888889,,NAD 83,(1986),,HD_HELD1,2.136,NAVD 88,,ADJUSTED,-34.469,GEOID18,2.134,980087.6,,,,,,,,1,2,,,,DE,129548.4,197275.8,,,,,,,,C,20110915,20110915,MONUMENTED,USFWS,Y,DO = NOT SPECIFIED OR SEE DESCRIPTION,7 = SET IN TOP OF CONCRETE MONUMENT,BMH 15 2011
,20260103,http://www.ngs.noaa.gov/cgi-bin/ds_mark.prl?PidBox=DN8360,DN8360,BMH 16,,,,DE,KENT,LITTLE CREEK (2016),39 10 17.46   (N),075 25 50.55   (W),39.1715166667,-75.4307083333,,NAD 83,(1986),,HD_HELD1,1.285,NAVD 88,,ADJUSTED,-34.473,GEOID18,1.285,980088.2,,,,,,,,1,2,,,,DE,130046.7,198786.6,,,,,,,,C,20110915,20110915,MONUMENTED,USFWS,Y,DO = NOT SPECIFIED OR SEE DESCRIPTION,7 = SET IN TOP OF CONCRETE MONUMENT,BMH 16 2011
,20260103,http://www.ngs.noaa.gov/cgi-bin/ds_mark.prl?PidBox=DN8361,DN8361,BMH 17,,,,DE,KENT,SMYRNA (2016),39 18 01.78391(N),075 30 16.03404(W),39.3004955306,-75.5044539000,-30.190,NAD 83,(2011),2010.00,ADJUSTED,3.767,NAVD 88,,ADJUSTED,-33.959,GEOID18,3.765,980108.8,0.55,0.71,0.22,0.23,0.36,0.09160450,,1,2,1237066.527,-4784915.752,4018168.719,DE,144369.436,192427.616,-0 03 20.2,1.00000045,18,4350245.039,456503.707,-0 19 10.3,0.99962329,B,20110915,20130711,GOOD,DELCOS,Y,F = FLANGE-ENCASED ROD,59 = STAINLESS STEEL ROD IN SLEEVE (10 FT.+),BMH 17 2011
,20260103,http://www.ngs.noaa.gov/cgi-bin/ds_mark.prl?PidBox=DN8362,DN8362,BMH 18,,,,DE,KENT,BOMBAY HOOK ISLAND (2016),39 15 33.52249(N),075 28 23.06859(W),39.2593118028,-75.4730746083,-31.498,NAD 83,(2011),2010.00,ADJUSTED,2.598,NAVD 88,,ADJUSTED,-34.100,GEOID18,2.597,980103.9,0.58,0.65,0.24,0.23,0.33,0.05733924,,1,2,1240412.749,-4787038.725,4014628.701,DE,139795.050,195131.493,-0 02 08.5,1.00000023,18,4345659.966,459185.491,-0 17 57.8,0.99962051,B,20110113,20130711,GOOD,DELCOS,Y,F = FLANGE-ENCASED ROD,59 = STAINLESS STEEL ROD IN SLEEVE (10 FT.+),BMH 18 2011
,20260103,http://www.ngs.noaa.gov/cgi-bin/ds_mark.prl?PidBox=DN8363,DN8363,BMH 19,,,,DE,KENT,LITTLE CREEK (2016),39 12 42.64175(N),075 27 06.39578(W),39.2118449306,-75.4517766056,-32.352,NAD 83,(2011),2010.00,ADJUSTED,1.944,NAVD 88,,ADJUSTED,-34.292,GEOID18,1.943,980096.2,0.96,1.10,0.41,0.37,0.56,-0.10340690,,1,2,1243029.211,-4789802.963,4010546.470,DE,134524.376,196967.658,-0 01 19.9,1.00000019,18,4340382.884,460996.712,-0 17 08.2,0.99961873,B,20110106,20110106,MONUMENTED,USFWS,Y,F = FLANGE-ENCASED ROD,59 = STAINLESS STEEL ROD IN SLEEVE (10 FT.+),BMH 19 2011
,20260103,http://www.ngs.noaa.gov/cgi-bin/ds_mark.prl?PidBox=DN8346,DN8346,BMH 2,,,,DE,KENT,SMYRNA (2016),39 18 25.52   (N),075 32 53.42   (W),39.3070888889,-75.5481722222,,NAD 83,(1986),,HD_HELD1,6.336,NAVD 88,,ADJUSTED,-33.907,GEOID18,6.333,980109.6,,,,,,,,1,2,,,,DE,145106.0,188657.6,,,,,,,,C,20110915,20110915,MONUMENTED,USFWS,Y,DO = NOT SPECIFIED OR SEE DESCRIPTION,7 = SET IN TOP OF CONCRETE MONUMENT,BMH 2 2011
,20260103,http://www.ngs.noaa.gov/cgi-bin/ds_mark.prl?PidBox=DN8347,DN8347,BMH 3,,,,DE,KENT,SMYRNA (2016),39 18 41.32   (N),075 30 55.09   (W),39.3114777778,-75.5153027778,,NAD 83,(1986),,HD_HELD1,3.494,NAVD 88,,ADJUSTED,-33.926,GEOID18,3.492,980109.8,,,,,,,,1,2,,,,DE,145589.7,191493.1,,,,,,,,C,20110915,20210303,GOOD,USPSQD,Y,DO = NOT SPECIFIED OR SEE DESCRIPTION,7 = SET IN TOP OF CONCRETE MONUMENT,BMH 3 2011
,20260103,http://www.ngs.noaa.gov/cgi-bin/ds_mark.prl?PidBox=DN8348,DN8348,BMH 4,,,,DE,KENT,SMYRNA (2016),39 18 02.53   (N),075 30 55.31   (W),39.3007027778,-75.5153638889,,NAD 83,(1986),,HD_HELD1,3.979,NAVD 88,,ADJUSTED,-33.949,GEOID18,3.976,980108.9,,,,,,,,1,2,,,,DE,144393.4,191486.6,,,,,,,,C,20110915,20210303,GOOD,USPSQD,N,DD = SURVEY DISK,7 = SET IN TOP OF CONCRETE MONUMENT,BMH 4 2011
,20260103,http://www.ngs.noaa.gov/cgi-bin/ds_mark.prl?PidBox=DN8349,DN8349,BMH 5,,,,DE,KENT,SMYRNA (2016),39 17 09.52   (N),075 30 56.61   (W),39.2859777778,-75.5157250000,,NAD 83,(1986),,HD_HELD1,5.544,NAVD 88,,ADJUSTED,-33.983,GEOID18,5.541,980107.5,,,,,,,,1,2,,,,DE,142758.7,191453.6,,,,,,,,C,20110915,20210303,GOOD,USPSQD,N,DD = SURVEY DISK,7 = SET IN TOP OF CONCRETE MONUMENT,BMH 5 2011
,20260103,http://www.ngs.noaa.gov/cgi-bin/ds_mark.prl?PidBox=DN8350,DN8350,BMH 6,,,,DE,KENT,SMYRNA (2016),39 16 06.48   (N),075 31 15.87   (W),39.2684666667,-75.5210750000,,NAD 83,(1986),,HD_HELD1,5.515,NAVD 88,,ADJUSTED,-34.023,GEOID18,5.512,980105.9,,,,,,,,1,2,,,,DE,140815.1,190989.8,,,,,,,,C,20110915,20210303,GOOD,USPSQD,Y,DD = SURVEY DISK,7 = SET IN TOP OF CONCRETE MONUMENT,BMH 6 2011
,20260103,http://www.ngs.noaa.gov/cgi-bin/ds_mark.prl?PidBox=DN8351,DN8351,BMH 7,,,,DE,KENT,BOMBAY HOOK ISLAND (2016),39 15 40.47   (N),075 29 46.13   (W),39.2612416667,-75.4961472222,,NAD 83,(1986),,HD_HELD1,4.372,NAVD 88,,ADJUSTED,-34.070,GEOID18,4.370,980104.8,,,,,,,,1,2,,,,DE,140010.8,193140.3,,,,,,,,C,20110915,20110915,MONUMENTED,USFWS,Y,DO = NOT SPECIFIED OR SEE DESCRIPTION,7 = SET IN TOP OF CONCRETE MONUMENT,BMH 7 2011
,20260103,http://www.ngs.noaa.gov/cgi-bin/ds_mark.prl?PidBox=DN8352,DN8352,BMH 8,,,,DE,KENT,SMYRNA (2016),39 15 02.29   (N),075 31 05.55   (W),39.2506361111,-75.5182083333,,NAD 83,(1986),,HD_HELD1,4.493,NAVD 88,,ADJUSTED,-34.079,GEOID18,4.491,980104.0,,,,,,,,1,2,,,,DE,138835.3,191235.0,,,,,,,,C,20110915,20110915,MONUMENTED,USFWS,Y,DD = SURVEY DISK,7 = SET IN TOP OF CONCRETE MONUMENT,BMH 8 2011
,20260103,http://www.ngs.noaa.gov/cgi-bin/ds_mark.prl?PidBox=DN8353,DN8353,BMH 9,,,,DE,KENT,DOVER (2016),39 13 12.06   (N),075 30 38.63   (W),39.2200166667,-75.5107305556,,NAD 83,(1986),,HD_HELD1,4.420,NAVD 88,,ADJUSTED,-34.188,GEOID18,4.417,980099.9,,,,,,,,1,2,,,,DE,135435.2,191876.9,,,,,,,,C,20110915,20110915,MONUMENTED,USFWS,Y,DO = NOT SPECIFIED OR SEE DESCRIPTION,7 = SET IN TOP OF CONCRETE MONUMENT,BMH 9 2011
,20260103,http://www.ngs.noaa.gov/cgi-bin/ds_mark.prl?PidBox=JU3401,JU3401,BOMBAY,,,,DE,KENT,BOMBAY HOOK ISLAND (2016),39 18 46.75597(N),075 26 18.61802(W),39.3129877694,-75.4385050056,,NAD 83,(1991),,ADJUSTED,-0.,NAVD 88,,SCALED,-33.982,GEOID18,,,,,,,,,3,,,,,,DE,145752.887,198116.595,-0 00 49.8,1.00000041,18,4351601.759,462196.863,-0 16 40.2,0.99961760,D,1932,1975,GOOD,NGS,,I = METAL ROD,2 = IMBEDDED OR DRIVEN IN THE GROUND,
,20260103,http://www.ngs.noaa.gov/cgi-bin/ds_mark.prl?PidBox=JU3827,JU3827,BOUNDARY INIT PT DE MD PA=ARC CORNER,,,,DE,NEW CASTLE,NEWARK WEST (2016),39 43 19.92493(N),075 46 25.60478(W),39.7222013694,-75.7737791056,,NAD 83,(1991),,ADJUSTED,55.,NAVD 88,,SCALED,-32.968,GEOID18,,,,,,,,,2,,,,,,DE,191246.507,169381.691,-0 13 41.6,1.00000314,18,4397211.214,433683.199,-0 29 40.2,0.99965414,,1935,20180412,GOOD,BASE9,N,71 = BOUNDARY MONUMENT,,
,20260103,http://www.ngs.noaa.gov/cgi-bin/ds_mark.prl?PidBox=HU1800,HU1800,BOUNDARY MON 0=MD DEL CORNER,,,,DE,SUSSEX,HEBRON (2016),38 27 36.29213(N),075 41 37.18951(W),38.4600811472,-75.6936637528,,NAD 83,(1991),,ADJUSTED,10.1,NAVD 88,,VERTCON3,-35.642,GEOID18,,,,,,,,,2,,,,,,DE,51105.485,175823.547,-0 10 20.2,1.00000621,18,4257091.847,439480.289,-0 25 53.2,0.99964510,C,1932,20161005,GOOD,ARCSHE,N,DS = TRIANGULATION STATION DISK,7 = SET IN TOP OF CONCRETE MONUMENT,MD DEL CORNER 1932
,20260103,http://www.ngs.noaa.gov/cgi-bin/ds_mark.prl?PidBox=JU4237,JU4237,BOUNDARY MON 1+1/2 DE PA,,,,DE,NEW CASTLE,NEWARK WEST (2016),39 44 32.69584(N),075 45 48.53152(W),39.7424155111,-75.7634809778,,NAD 83,(1991),,ADJUSTED,85.9,NAVD 88,,VERTCON3,-32.959,GEOID18,,,,,,,,,2,,,,,,DE,193487.403,170273.324,-0 13 18.2,0.99999757,18,4399447.152,434584.921,-0 29 17.3,0.99965268,D,1991,1991,MONUMENTED,TWT,,DH = HORIZONTAL CONTROL DISK,4 = OBJECT SURROUNDED BY MASS OF CONCRETE,DE PA 1 1/2 1991
,20260103,http://www.ngs.noaa.gov/cgi-bin/ds_mark.prl?PidBox=JU4241,JU4241,BOUNDARY MON 13+1/2 DE PA,,,,DE,NEW CASTLE,WILMINGTON NORTH (2016),39 50 17.90530(N),075 35 13.85217(W),39.8383070278,-75.5871811583,,NAD 83,(1991),,ADJUSTED,56.2,NAVD 88,,VERTCON3,-32.917,GEOID18,,,,,,,,,2,,,,,,DE,204090.635,185404.893,-0 06 33.2,0.99999397,18,4409976.053,449760.213,-0 22 34.2,0.99963107,D,1991,1991,MONUMENTED,TWT,,DH = HORIZONTAL CONTROL DISK,4 = OBJECT SURROUNDED BY MASS OF CONCRETE,DE PA 13 1/2 1991
,20260103,http://www.ngs.noaa.gov/cgi-bin/ds_mark.prl?PidBox=HU2031,HU2031,BOUNDARY MON 14 DE MD=OAK GROVE,,,,DE,SUSSEX,SEAFORD WEST (2016),38 39 46.87272(N),075 42 34.60560(W),38.6630202000,-75.7096126667,,NAD 83,(1991),,ADJUSTED,14.3,NAVD 88,,VERTCON3,-35.459,GEOID18,,,,,,,,,2,,,,,,DE,73637.427,174503.314,-0 10 58.9,1.00000633,18,4279621.506,438262.650,-0 26 36.0,0.99964694,,1934,1962,GOOD,CGS,,71 = BOUNDARY MONUMENT,,
,20260103,http://www.ngs.noaa.gov/cgi-bin/ds_mark.prl?PidBox=JU4242,JU4242,BOUNDARY MON 20+1/2 DE PA,,,,DE,NEW CASTLE,MARCUS HOOK (2019),39 49 20.77003(N),075 27 31.91978(W),39.8224361194,-75.4588666056,,NAD 83,(1991),,ADJUSTED,39.0,NAVD 88,,VERTCON3,-32.931,GEOID18,,,,,,,,,2,,,,,,DE,202315.414,196387.086,-0 01 37.3,0.99999421,18,4408150.374,460729.943,-0 17 37.9,0.99961898,D,1991,20130711,GOOD,DELCOS,N,DH = HORIZONTAL CONTROL DISK,4 = OBJECT SURROUNDED BY MASS OF CONCRETE,DE PA 20 1/2 1991
,20260103,http://www.ngs.noaa.gov/cgi-bin/ds_mark.prl?PidBox=HU1747,HU1747,BOUNDARY MON 27 E W DE MD,,,,DE,SUSSEX,DELMAR (2016),38 27 19.36622(N),075 32 59.50182(W),38.4553795056,-75.5498616167,,NAD 83,(1991),,NO CHECK,14.900,NAVD 88,,ADJUSTED,-35.748,GEOID18,14.891,980012.5,,,,,,,3,2,1,,,,DE,50555.637,188373.927,-0 04 58.2,0.99999993,18,4256485.459,452023.503,-0 20 31.1,0.99962835,C,1981,20130105,MARK NOT FOUND,DELCOS,Y,DU = BOUNDARY MARKER,7 = SET IN TOP OF CONCRETE MONUMENT,E-W NO. 27 1981
,20260103,http://www.ngs.noaa.gov/cgi-bin/ds_mark.prl?PidBox=HU1750,HU1750,BOUNDARY MON 28 E W DE MD,,,,DE,SUSSEX,DELMAR (2016),38 27 21.48331(N),075 34 18.67363(W),38.4559675861,-75.5718537861,,NAD 83,(1991),,NO CHECK,14.970,NAVD 88,,ADJUSTED,-35.735,GEOID18,14.960,980012.6,,,,,,,3,2,1,,,,DE,50623.921,186454.425,-0 05 47.4,1.00000052,18,4256562.396,450105.034,-0 21 20.3,0.99963066,C,1981,20130105,MARK NOT FOUND,DELCOS,N,DH = HORIZONTAL CONTROL DISK,7 = SET IN TOP OF CONCRETE MONUMENT,E-W NO. 28 1981
,20260103,http://www.ngs.noaa.gov/cgi-bin/ds_mark.prl?PidBox=HU1748,HU1748,BOUNDARY MON 29 E W DE MD,,,,DE,SUSSEX,DELMAR (2016),38 27 22.60250(N),075 35 00.81589(W),38.4562784722,-75.5835599694,-20.870,NAD 83,(2011),2010.00,ADJUSTED,14.859,NAVD 88,,ADJUSTED,-35.728,GEOID18,14.850,980012.7,0.96,1.00,0.44,0.33,0.51,0.05296757,,2,1,1245106.072,-4843597.854,3945217.005,DE,50660.217,185432.707,-0 06 13.7,1.00000088,18,4256603.297,449083.866,-0 21 46.6,0.99963193,C,1981,20210803,GOOD,BASE9,Y,DH = HORIZONTAL CONTROL DISK,7 = SET IN TOP OF CONCRETE MONUMENT,E-W NO. 29 1981
,20260103,http://www.ngs.noaa.gov/cgi-bin/ds_mark.prl?PidBox=JU4238,JU4238,BOUNDARY MON 3 DE PA,,,,DE,NEW CASTLE,KENNETT SQUARE (2019),39 45 41.15831(N),075 44 59.54130(W),39.7614328639,-75.7498725833,,NAD 83,(1991),,ADJUSTED,86.9,NAVD 88,,VERTCON3,-32.952,GEOID18,,,,,,,,,2,,,,,,DE,195594.467,171447.602,-0 12 47.2,0.99999657,18,4401547.990,435768.567,-0 28 46.7,0.99965079,D,1991,20130711,GOOD,DELCOS,N,V = STONE MONUMENT,0 = UNSPECIFIED SETTING,DE / PA  3
,20260103,http://www.ngs.noaa.gov/cgi-bin/ds_mark.prl?PidBox=JU4239,JU4239,BOUNDARY MON 3+1/2 DE PA,,,,DE,NEW CASTLE,KENNETT SQUARE (2019),39 46 02.81580(N),075 44 40.71210(W),39.7674488333,-75.7446422500,,NAD 83,(1991),,ADJUSTED,101.3,NAVD 88,,VERTCON3,-32.951,GEOID18,,,,,,,,,2,,,,,,DE,196260.766,171898.235,-0 12 35.3,0.99999399,18,4402211.949,436222.134,-0 28 34.8,0.99965008,D,1991,20030308,GOOD,USPSQD,Y,DH = HORIZONTAL CONTROL DISK,4 = OBJECT SURROUNDED BY MASS OF CONCRETE,DE PA 3 1/2 1991
,20260103,http://www.ngs.noaa.gov/cgi-bin/ds_mark.prl?PidBox=HU1752,HU1752,BOUNDARY MON 30 E W DE MD,,,,DE,SUSSEX,DELMAR (2016),38 27 24.34803(N),075 36 06.71270(W),38.4567633417,-75.6018646389,,NAD 83,(1991),,ADJUSTED,13.348,NAVD 88,,ADJUSTED,-35.715,GEOID18,13.340,980012.8,,,,,,,2,2,1,,,,DE,50717.093,183835.090,-0 06 54.6,1.00000173,18,4256667.375,447487.105,-0 22 27.6,0.99963396,C,1981,19891204,GOOD,NGS,Y,DH = HORIZONTAL CONTROL DISK,7 = SET IN TOP OF CONCRETE MONUMENT,E-W NO. 30 1981
,20260103,http://www.ngs.noaa.gov/cgi-bin/ds_mark.prl?PidBox=HU1749,HU1749,BOUNDARY MON 31 E W DE MD,,,,DE,SUSSEX,DELMAR (2016),38 27 27.05052(N),075 37 20.84615(W),38.4575140333,-75.6224572639,,NAD 83,(1991),,NO CHECK,13.911,NAVD 88,,ADJUSTED,-35.701,GEOID18,13.903,980012.9,,,,,,,3,2,1,,,,DE,50804.237,182037.858,-0 07 40.8,1.00000239,18,4256762.613,445690.938,-0 23 13.7,0.99963632,C,1981,20250520,GOOD,MCCRO,Y,DU = BOUNDARY MARKER,7 = SET IN TOP OF CONCRETE MONUMENT,E-W NO. 31 1981
,20260103,http://www.ngs.noaa.gov/cgi-bin/ds_mark.prl?PidBox=HU1828,HU1828,BOUNDARY MON 32 E W DE MD,,,,DE,SUSSEX,HEBRON (2016),38 27 30.38948(N),075 38 52.98251(W),38.4584415222,-75.6480506972,,NAD 83,(1991),,NO CHECK,12.6,NAVD 88,,VERTCON3,-35.682,GEOID18,,,,,,,,,3,,,,,,DE,50912.493,179804.227,-0 08 38.1,1.00000365,18,4256880.928,443458.628,-0 24 11.0,0.99963937,C,1981,20130105,MARK NOT FOUND,DELCOS,,DU = BOUNDARY MARKER,7 = SET IN TOP OF CONCRETE MONUMENT,E-W NO. 32 1981
