FeatureId,DATA_DATE,DATA_SRCE,PID,NAME,HT_MOD,CORS_ID,PACS_SACS,STATE,COUNTY,QUAD,LATITUDE,LONGITUDE,DEC_LAT,DEC_LON,ELLIP_HT,POS_DATUM,DATUM_TAG,POS_EPOCH,POS_SRCE,ORTHO_HT,VERT_DATUM,VERT_EPOCH,VERT_SRCE,GEOID_HT,GEOID_MOD,DYNAMIC_HT,MODEL_GRAV,N_ACC_HZ,N_ACC_EH,N_ACC_STDN,N_ACC_STDE,N_ACC_STDH,N_ACC_CORR,POS_ORDER,VERT_ORDER,VERT_CLASS,ECEF_X,ECEF_Y,ECEF_Z,SPC_ZONE,SPC_NORTH,SPC_EAST,SPC_CONV,SPC_CSF,UTM_ZONE,UTM_NORTH,UTM_EAST,UTM_CONV,UTM_CSF,STABILITY,FIRST_RECV,LAST_RECV,LAST_COND,LAST_RECBY,SAT_USE,MARKER,SETTING,STAMPING
,20260103,http://www.ngs.noaa.gov/cgi-bin/ds_mark.prl?PidBox=DI2806,DI2806,0 MET,,,,HI,HONOLULU,PEARL HARBOR (2017),21 18 46.89956(N),157 55 10.76692(W),21.3130276556,-157.9196574778,18.340,NAD 83,(PA11),2010.00,ADJUSTED,2.296,LMSL,,ADJUSTED,15.321,GEOID12B,,,0.42,1.02,0.15,0.19,0.52,-0.00212211,,2,1,-5508584.610,-2234603.019,2303723.748,HI 3,16207.074,508335.623,+0 01 45.1,0.99998798,04,2357175.886,612047.871,+0 23 33.7,0.99975514,C,20040710,20220217,GOOD,HIROTA,Y,DD = SURVEY DISK,7 = SET IN TOP OF CONCRETE MONUMENT,0 MET 2004
,20260103,http://www.ngs.noaa.gov/cgi-bin/ds_mark.prl?PidBox=TU0894,TU0894,0 UHI,,,,HI,MAUI,MAKENA (2017),20 41 00.     (N),156 23 18.     (W),20.6833333333,-156.3883333333,,NAD 83,(1986),,SCALED,666.665,LMSL,,ADJUSTED,17.066,GEOID12B,,,,,,,,,,2,1,,,,HI 2,38770.,529000.,,,,,,,,A,1977,19790605,GOOD,NGS,,Z = SEE DESCRIPTION,66 = SET IN ROCK OUTCROP,
,20260103,http://www.ngs.noaa.gov/cgi-bin/ds_mark.prl?PidBox=TU0397,TU0397,1 12,,,,HI,HONOLULU,HONOLULU (2017),21 20 26.39453(N),157 50 02.75975(W),21.3406651472,-157.8340999306,,NAD 83,(1993),1993.62,ADJUSTED,131.085,LMSL,,ADJUSTED,15.917,GEOID12B,,,,,,,,,2,2,1,,,,HI 3,19274.045,517209.101,+0 03 37.3,0.99997056,04,2360298.426,620899.714,+0 25 27.6,0.99978062,D,1969,20060315,SEE DESCRIPTION,HIDT,,DE = TRAVERSE STATION DISK,30 = SET IN A LIGHT STRUCTURE,1-12 1969
,20260103,http://www.ngs.noaa.gov/cgi-bin/ds_mark.prl?PidBox=TU0390,TU0390,1 5,,,,HI,HONOLULU,HONOLULU (2017),21 19 44.18551(N),157 50 43.98122(W),21.3289404194,-157.8455503389,,NAD 83,(1993),1993.62,ADJUSTED,74.288,LMSL,,ADJUSTED,15.782,GEOID12B,,,,,,,,,2,2,1,,,,HI 3,17974.668,516022.601,+0 03 22.2,0.99997901,04,2358991.820,619721.743,+0 25 11.8,0.99977712,C,1969,20150807,GOOD,PAREN,Y,DD = SURVEY DISK,7 = SET IN TOP OF CONCRETE MONUMENT,1-5 1969
,20260103,http://www.ngs.noaa.gov/cgi-bin/ds_mark.prl?PidBox=TU0260,TU0260,1 8,,,,HI,HONOLULU,HONOLULU (2017),21 19 59.67507(N),157 53 41.13834(W),21.3332430750,-157.8947606500,,NAD 83,(1993),1993.62,ADJUSTED,2.542,LMSL,,ADJUSTED,15.568,GEOID12B,,,,,,,,,2,2,1,,,,HI 3,18446.852,510917.202,+0 02 17.8,0.99998862,04,2359431.479,614614.586,+0 24 07.6,0.99976233,B,1969,20080902,POOR,GEOCAC,,DD = SURVEY DISK,36 = SET IN A MASSIVE STRUCTURE,1-8 1969
,20260103,http://www.ngs.noaa.gov/cgi-bin/ds_mark.prl?PidBox=TU1723,TU1723,100+23.38,,,,HI,HONOLULU,WAIANAE (2017),21 23 32.39374(N),158 09 25.56211(W),21.3923315944,-158.1571005861,,NAD 83,(1993),1993.62,ADJUSTED,3.,LMSL,,SCALED,15.212,GEOID12B,,,,,,,,,3,,,,,,HI 3,24993.671,483709.401,-0 03 26.3,0.99999042,04,2365803.489,587372.903,+0 18 26.9,0.99969433,B,1970,20140112,GOOD,GEOCAC,,DD = SURVEY DISK,36 = SET IN A MASSIVE STRUCTURE,100+23.88 0+00 1970
,20260103,http://www.ngs.noaa.gov/cgi-bin/ds_mark.prl?PidBox=TU0451,TU0451,109.20,,,,HI,HONOLULU,PEARL HARBOR (2017),21 21 05.     (N),157 57 28.     (W),21.3513888889,-157.9577777778,,NAD 83,(1986),,SCALED,2.505,LMSL,,ADJUSTED,15.446,GEOID12B,,,,,,,,,,2,1,,,,HI 3,20450.,504380.,,,,,,,,D,UNK,20060708,MARK NOT FOUND,GEOCAC,,Z = SEE DESCRIPTION,0 = UNSPECIFIED SETTING,
,20260103,http://www.ngs.noaa.gov/cgi-bin/ds_mark.prl?PidBox=TU2242,TU2242,11 A,,,,HI,HAWAII,HILO (2017),19 39 41.78021(N),155 03 32.32326(W),19.6616056139,-155.0589786833,,NAD 83,(1993),1993.62,ADJUSTED,77.0,LMSL,,VERT ANG,18.047,GEOID12B,,,,,,,,,1,,,,,,HI 1,91742.482,546248.230,+0 08 54.2,0.99997815,05,2175340.764,284127.371,-0 41 35.0,1.00017604,C,1978,20051010,GOOD,USPSQD,Y,DD = SURVEY DISK,7 = SET IN TOP OF CONCRETE MONUMENT,11A 1978
,20260103,http://www.ngs.noaa.gov/cgi-bin/ds_mark.prl?PidBox=TU2243,TU2243,11 B,,,,HI,HAWAII,HILO (2017),19 39 56.68904(N),155 03 42.54815(W),19.6657469556,-155.0618189306,,NAD 83,(1993),1993.62,ADJUSTED,75.8,LMSL,,VERT ANG,18.091,GEOID12B,,,,,,,,,1,,,,,,HI 1,92200.156,545949.200,+0 08 50.9,0.99997799,05,2175802.865,283835.041,-0 41 38.9,1.00017760,C,1978,20051010,GOOD,USPSQD,Y,DD = SURVEY DISK,7 = SET IN TOP OF CONCRETE MONUMENT,11B 1978
,20260103,http://www.ngs.noaa.gov/cgi-bin/ds_mark.prl?PidBox=TU2244,TU2244,11 C,,,,HI,HAWAII,HILO (2017),19 40 17.03279(N),155 03 52.39657(W),19.6713979972,-155.0645546028,,NAD 83,(1993),1993.62,ADJUSTED,65.8,LMSL,,VERT ANG,18.123,GEOID12B,,,,,,,,,1,,,,,,HI 1,92824.984,545660.723,+0 08 47.7,0.99997924,05,2176431.981,283555.723,-0 41 42.9,1.00017909,C,1978,1978,MONUMENTED,HIGS,,DD = SURVEY DISK,7 = SET IN TOP OF CONCRETE MONUMENT,11C 1978
,20260103,http://www.ngs.noaa.gov/cgi-bin/ds_mark.prl?PidBox=DR4705,DR4705,11 M,,,,HI,MAUI,HAIKU (2017),20 53 41.97   (N),156 13 11.00   (W),20.8949916667,-156.2197222222,,NAD 83,(1986),,HD_HELD1,200.872,LMSL,,ADJUSTED,14.845,GEOID12B,,,,,,,,,,2,1,,,,HI 2,62245.0,546500.2,,,,,,,,B,UNK,20170626,GOOD,HIROTA,Y,DD = SURVEY DISK,38 = SET IN THE ABUTMENT OR PIER OF A LARGE BRIDGE,11 M 659 FEET 1923
,20260103,http://www.ngs.noaa.gov/cgi-bin/ds_mark.prl?PidBox=TU2159,TU2159,1210=KAIWIKI NEW,,,,HI,HAWAII,AKAKA FALLS (2017),19 45 21.55962(N),155 07 54.17321(W),19.7559887833,-155.1317147806,,NAD 83,(1993),1993.62,ADJUSTED,369.1,LMSL,,VERT ANG,19.365,GEOID12B,,,,,,,,,1,,,,,,HI 1,102172.457,538597.933,+0 07 28.2,0.99992401,05,2185884.402,276629.872,-0 43 15.1,1.00021674,C,1949,1986,GOOD,,Y,DD = SURVEY DISK,7 = SET IN TOP OF CONCRETE MONUMENT,1210
,20260103,http://www.ngs.noaa.gov/cgi-bin/ds_mark.prl?PidBox=DR2183,DR2183,123,,,,HI,HONOLULU,PEARL HARBOR (2017),21 20 08.0    (N),157 54 16.0    (W),21.3355555556,-157.9044444444,,NAD 83,(1986),,HD_HELD2,5.502,LMSL,,ADJUSTED,15.532,GEOID12B,,,,,,,,,,2,1,,,,HI 3,18702.,509912.,,,,,,,,D,UNK,20150730,GOOD,PAREN,N,DE = TRAVERSE STATION DISK,31 = SET IN A PAVEMENT SUCH AS STREET SIDEWALK CURB ETC.,123
,20260103,http://www.ngs.noaa.gov/cgi-bin/ds_mark.prl?PidBox=DR2184,DR2184,124,,,,HI,HONOLULU,HONOLULU (2017),21 20 05.0    (N),157 53 56.0    (W),21.3347222222,-157.8988888889,,NAD 83,(1986),,HD_HELD2,2.714,LMSL,,ADJUSTED,15.555,GEOID12B,,,,,,,,,,2,1,,,,HI 3,18610.,510489.,,,,,,,,D,UNK,20150730,GOOD,PAREN,N,DE = TRAVERSE STATION DISK,31 = SET IN A PAVEMENT SUCH AS STREET SIDEWALK CURB ETC.,124
,20260103,http://www.ngs.noaa.gov/cgi-bin/ds_mark.prl?PidBox=TU0062,TU0062,1266,,,,HI,HAWAII,MOUNTAIN VIEW (2017),19 33 43.     (N),155 05 34.     (W),19.5619444444,-155.0927777778,,NAD 83,(1986),,SCALED,386.023,LMSL,,ADJ UNCH,19.285,GEOID12B,,,,,,,,,,2,0,,,,HI 1,80700.,542730.,,,,,,,,A,1910,1975,MARK NOT FOUND,NGS,,DB = BENCH MARK DISK,66 = SET IN ROCK OUTCROP,1266
,20260103,http://www.ngs.noaa.gov/cgi-bin/ds_mark.prl?PidBox=AA3587,AA3587,1311 NCMN C,,,,HI,KAUAI,HAENA (2017),22 07 33.05007(N),159 39 54.88060(W),22.1258472417,-159.6652446111,1155.422,NAD 83,(PA11),2010.00,ADJUSTED,1138.1,LMSL,,GPS OBS,16.772,GEOID12B,,,0.55,2.63,0.21,0.24,1.34,0.14443310,,,,-5543855.433,-2054558.291,2387762.831,HI 4,32399.000,482951.736,-0 03 44.1,0.99981203,04,2446906.608,431392.528,-0 15 02.0,0.99965816,C,1989,19970610,GOOD,USPSQD,Y,DD = SURVEY DISK,7 = SET IN TOP OF CONCRETE MONUMENT,1311 NCMN C JUN 89
,20260103,http://www.ngs.noaa.gov/cgi-bin/ds_mark.prl?PidBox=TU2087,TU2087,153 YY,,,,HI,HAWAII,KAPOHO (2017),19 29 26.19336(N),154 52 06.48208(W),19.4906092667,-154.8684672444,,NAD 83,(1993),1993.62,ADJUSTED,116.77,LMSL,,LEVELING,13.523,GEOID12B,,,,,,,,,2,3,,,,,HI 1,72876.003,566296.887,+0 12 38.6,1.00000049,05,2156180.850,303900.341,-0 37 25.0,1.00007535,C,1958,19800124,GOOD,USGS,,DB = BENCH MARK DISK,7 = SET IN TOP OF CONCRETE MONUMENT,153 YY 1958 383
,20260103,http://www.ngs.noaa.gov/cgi-bin/ds_mark.prl?PidBox=AA3584,AA3584,161 1347 B TIDAL,,,,HI,KAUAI,HANAPEPE (2017),21 53 59.74291(N),159 35 17.13468(W),21.8999285861,-159.5880929667,19.358,NAD 83,(PA11),2010.00,ADJUSTED,3.022,LMSL,,ADJUSTED,15.509,GEOID12B,,,0.92,1.45,0.34,0.41,0.74,0.06319510,,2,1,-5548885.195,-2064924.649,2364142.494,HI 4,7376.527,490897.051,-0 01 58.3,0.99998798,04,2421866.806,439253.275,-0 13 09.7,0.99964559,D,1988,20230123,GOOD,HIROTA,Y,DJ = TIDAL STATION DISK,4 = OBJECT SURROUNDED BY MASS OF CONCRETE,1347 B TIDAL 1988
,20260103,http://www.ngs.noaa.gov/cgi-bin/ds_mark.prl?PidBox=DL6029,DL6029,161 1347 C,,,,HI,KAUAI,HANAPEPE (2017),21 54 01.52540(N),159 35 15.84793(W),21.9004237222,-159.5877355361,23.089,NAD 83,(PA11),2010.00,ADJUSTED,6.770,LMSL,,ADJUSTED,15.517,GEOID12B,,,2.38,1.96,0.85,1.07,1.00,-0.08805050,,2,1,-5548856.392,-2064953.340,2364194.755,HI 4,7431.332,490934.017,-0 01 57.8,0.99998739,04,2421921.471,439290.406,-0 13 09.2,0.99964554,D,1988,20221006,GOOD,HIROTA,Y,DD = SURVEY DISK,4 = OBJECT SURROUNDED BY MASS OF CONCRETE,1347 C 1988
,20260103,http://www.ngs.noaa.gov/cgi-bin/ds_mark.prl?PidBox=DL6030,DL6030,161 1347 PIER LANI 7,,,,HI,KAUAI,HANAPEPE (2017),21 53 58.65315(N),159 35 23.44738(W),21.8996258750,-159.5898464944,19.396,NAD 83,(PA11),2010.00,ADJUSTED,3.088,LMSL,,ADJUSTED,15.501,GEOID12B,,,2.96,2.21,0.99,1.36,1.13,-0.14618800,,2,1,-5548960.140,-2064759.198,2364111.408,HI 4,7343.114,490715.833,-0 02 00.6,0.99998801,04,2421833.994,439072.012,-0 13 12.0,0.99964587,B,1981,20221006,GOOD,HIROTA,Y,DD = SURVEY DISK,38 = SET IN THE ABUTMENT OR PIER OF A LARGE BRIDGE,LANI 7 1981
,20260103,http://www.ngs.noaa.gov/cgi-bin/ds_mark.prl?PidBox=DL6033,DL6033,161 1347 TIDAL 1,,,,HI,KAUAI,HANAPEPE (2017),21 53 55.93245(N),159 35 15.85251(W),21.8988701250,-159.5877368083,20.392,NAD 83,(PA11),2010.00,NO CHECK,4.078,LMSL,,ADJUSTED,15.492,GEOID12B,,,9.36,4.68,2.60,4.52,2.39,-0.00083480,,2,1,-5548914.228,-2064974.723,2364034.135,HI 4,7259.305,490933.787,-0 01 57.8,0.99998782,04,2421749.506,439289.617,-0 13 09.2,0.99964554,D,1926,20220908,GOOD,HIROTA,Y,DB = BENCH MARK DISK,4 = OBJECT SURROUNDED BY MASS OF CONCRETE,1 1926
,20260103,http://www.ngs.noaa.gov/cgi-bin/ds_mark.prl?PidBox=DL6032,DL6032,161 1347 TIDAL 3,,,,HI,KAUAI,HANAPEPE (2017),21 53 56.02555(N),159 35 14.13604(W),21.8988959861,-159.5872600111,25.658,NAD 83,(PA11),2010.00,NO CHECK,9.368,LMSL,,ADJUSTED,15.493,GEOID12B,,,29.39,16.78,10.97,12.86,8.56,-0.14319520,,2,1,-5548900.622,-2065022.230,2364038.756,HI 4,7262.141,490983.058,-0 01 57.2,0.99998697,04,2421752.180,439338.880,-0 13 08.5,0.99964547,D,1926,20220908,GOOD,HIROTA,Y,DB = BENCH MARK DISK,4 = OBJECT SURROUNDED BY MASS OF CONCRETE,3 1926
,20260103,http://www.ngs.noaa.gov/cgi-bin/ds_mark.prl?PidBox=DL6031,DL6031,161 1347 TIDAL 35,,,,HI,KAUAI,HANAPEPE (2017),21 53 56.33683(N),159 35 14.07708(W),21.8989824528,-159.5872436333,26.676,NAD 83,(PA11),2010.00,ADJUSTED,10.384,LMSL,,ADJUSTED,15.494,GEOID12B,,,1.96,1.80,0.68,0.89,0.92,-0.16829850,,2,1,-5548897.570,-2065022.900,2364048.019,HI 4,7271.714,490984.756,-0 01 57.1,0.99998681,04,2421761.744,439340.608,-0 13 08.5,0.99964546,D,UNK,20220908,GOOD,HIROTA,Y,DD = SURVEY DISK,4 = OBJECT SURROUNDED BY MASS OF CONCRETE,35
,20260103,http://www.ngs.noaa.gov/cgi-bin/ds_mark.prl?PidBox=DL6025,DL6025,161 1400 A,,,,HI,KAUAI,LIHUE (2017),21 57 15.53924(N),159 21 25.89530(W),21.9543164556,-159.3571931389,18.008,NAD 83,(PA11),2010.00,ADJUSTED,2.157,LMSL,,ADJUSTED,15.027,GEOID12B,,,0.66,1.14,0.25,0.29,0.58,-0.02319978,,2,1,-5538412.900,-2086476.345,2369728.679,HI 4,13403.060,514751.125,+0 03 12.2,0.99998986,04,2427813.425,463118.252,-0 08 00.8,0.99961681,C,1980,20220521,GOOD,HIROTA,Y,DD = SURVEY DISK,35 = SET IN A MAT FOUNDATION OR CONCRETE SLAB OTHER THAN PAVEMENT,1400 A 1980
,20260103,http://www.ngs.noaa.gov/cgi-bin/ds_mark.prl?PidBox=DL6026,DL6026,161 1400 F,,,,HI,KAUAI,LIHUE (2017),21 57 10.98953(N),159 21 10.42506(W),21.9530526472,-159.3528958500,18.081,NAD 83,(PA11),2010.00,ADJUSTED,2.311,LMSL,,ADJUSTED,14.943,GEOID12B,,,1.81,2.12,0.68,0.79,1.08,-0.00619990,,2,1,-5538305.416,-2086910.202,2369598.912,HI 4,13263.540,515195.146,+0 03 18.0,0.99999001,04,2427672.510,463561.648,-0 07 54.9,0.99961641,C,1991,20230110,GOOD,HIROTA,Y,DB = BENCH MARK DISK,32 = SET IN A RETAINING WALL OR CONCRETE LEDGE,1400 F 1991
,20260103,http://www.ngs.noaa.gov/cgi-bin/ds_mark.prl?PidBox=DR9914,DR9914,161 1400 H,,,,HI,KAUAI,LIHUE (2017),21 57 18.24   (N),159 21 13.19   (W),21.9550666667,-159.3536638889,,NAD 83,(1986),,HD_HELD1,2.269,LMSL,,ADJUSTED,14.976,GEOID12B,,,,,,,,,,2,1,,,,HI 4,13486.5,515115.6,,,,,,,,B,1997,20221006,GOOD,HIROTA,,DB = BENCH MARK DISK,38 = SET IN THE ABUTMENT OR PIER OF A LARGE BRIDGE,1400 H 1997
,20260103,http://www.ngs.noaa.gov/cgi-bin/ds_mark.prl?PidBox=DR9915,DR9915,161 1400 L,,,,HI,KAUAI,LIHUE (2017),21 57 15.13   (N),159 21 28.52   (W),21.9542027778,-159.3579222222,,NAD 83,(1986),,HD_HELD1,1.875,LMSL,,ADJUSTED,15.038,GEOID12B,,,,,,,,,,2,1,,,,HI 4,13390.4,514675.8,,,,,,,,C,2016,20221006,GOOD,HIROTA,,DJ = TIDAL STATION DISK,34 = SET IN THE FOOTINGS OF SMALL/MEDIUM STRUCTURES,1400 L 2016
,20260103,http://www.ngs.noaa.gov/cgi-bin/ds_mark.prl?PidBox=DK4804,DK4804,161 1400 TIDAL 5,,,,HI,KAUAI,LIHUE (2017),21 57 16.92331(N),159 21 12.52670(W),21.9547009194,-159.3534796389,17.110,NAD 83,(PA11),2010.00,ADJUSTED,1.297,LMSL,,ADJUSTED,14.969,GEOID12B,,,0.50,1.08,0.19,0.22,0.55,-0.00873149,,2,1,-5538261.985,-2086829.395,2369767.827,HI 4,13445.993,515134.668,+0 03 17.2,0.99999014,04,2427855.091,463501.789,-0 07 55.8,0.99961646,D,1954,20220202,GOOD,HIROTA,Y,DB = BENCH MARK DISK,31 = SET IN A PAVEMENT SUCH AS STREET SIDEWALK CURB ETC.,NO 5 1954
,20260103,http://www.ngs.noaa.gov/cgi-bin/ds_mark.prl?PidBox=DK3426,DK3426,161 1400 WALL,,,,HI,KAUAI,LIHUE (2017),21 57 14.96126(N),159 21 27.72163(W),21.9541559056,-159.3577004528,17.462,NAD 83,(PA11),2010.00,ADJUSTED,1.60,LMSL,,LEVELING,15.034,GEOID12B,,,4.05,8.11,1.58,1.72,4.14,-0.11549490,,3,,-5538437.120,-2086429.471,2369711.986,HI 4,13385.234,514698.739,+0 03 11.5,0.99998993,04,2427795.777,463065.828,-0 08 01.4,0.99961685,B,1988,20090316,MARK NOT FOUND,USACE,Y,DD = SURVEY DISK,40 = SET IN A LARGE STRUCTURE WITH DEEP FOUNDATIONS,WALL
,20260103,http://www.ngs.noaa.gov/cgi-bin/ds_mark.prl?PidBox=TU0678,TU0678,161 1401 TIDAL 2,,,,HI,KAUAI,KEKAHA OE S (2017),21 57 20.     (N),159 40 14.     (W),21.9555555556,-159.6705555556,,NAD 83,(1986),,SCALED,2.810,LMSL,,ADJ UNCH,16.105,GEOID12B,,,,,,,,,,2,0,,,,HI 4,13540.,482380.,,,,,,,,B,1926,19980815,MARK NOT FOUND,USPSQD,,DB = BENCH MARK DISK,36 = SET IN A MASSIVE STRUCTURE,2 1926
,20260103,http://www.ngs.noaa.gov/cgi-bin/ds_mark.prl?PidBox=TU0284,TU0284,161 2340 TIDAL 11,,,,HI,HONOLULU,HONOLULU (2017),21 18 20.9    (N),157 51 51.9    (W),21.3058055556,-157.8644166667,,NAD 83,(1986),,HD_HELD2,1.565,LMSL,,ADJUSTED,15.515,GEOID12B,1.562,978924.6,,,,,,,,2,1,,,,HI 3,15411.,514068.,,,,,,,,B,1925,20150204,GOOD,GEOCAC,N,DB = BENCH MARK DISK,36 = SET IN A MASSIVE STRUCTURE,NO. 11 1925
,20260103,http://www.ngs.noaa.gov/cgi-bin/ds_mark.prl?PidBox=TU0288,TU0288,161 2340 TIDAL 12,,,,HI,HONOLULU,HONOLULU (2017),21 18 22.6    (N),157 51 37.4    (W),21.3062777778,-157.8603888889,,NAD 83,(1986),,HD_HELD2,3.744,LMSL,,ADJUSTED,15.536,GEOID12B,,,,,,,,,,2,1,,,,HI 3,15464.,514485.,,,,,,,,C,1925,20160313,GOOD,GEOCAC,N,DB = BENCH MARK DISK,35 = SET IN A MAT FOUNDATION OR CONCRETE SLAB OTHER THAN PAVEMENT,NO. 12 1925
,20260103,http://www.ngs.noaa.gov/cgi-bin/ds_mark.prl?PidBox=TU0292,TU0292,161 2340 TIDAL 20,,,,HI,HONOLULU,HONOLULU (2017),21 18 11.93   (N),157 51 52.32   (W),21.3033138889,-157.8645333333,,NAD 83,(1986),,HD_HELD1,1.641,LMSL,,ADJUSTED,15.496,GEOID12B,1.638,978931.2,,,,,,,,2,1,,,,HI 3,15135.5,514055.7,,,,,,,,B,1960,20090312,GOOD,USACE,N,DB = BENCH MARK DISK,38 = SET IN THE ABUTMENT OR PIER OF A LARGE BRIDGE,NO. 20 1960
,20260103,http://www.ngs.noaa.gov/cgi-bin/ds_mark.prl?PidBox=TU0291,TU0291,161 2340 TIDAL 21,,,,HI,HONOLULU,HONOLULU (2017),21 18 13.67   (N),157 51 49.04   (W),21.3037972222,-157.8636222222,,NAD 83,(1986),,HD_HELD1,2.042,LMSL,,ADJUSTED,15.503,GEOID12B,2.038,978931.8,,,,,,,,2,1,,,,HI 3,15189.1,514150.2,,,,,,,,B,1964,20160302,GOOD,GEOCAC,Y,DB = BENCH MARK DISK,36 = SET IN A MASSIVE STRUCTURE,NO. 21 1964
,20260103,http://www.ngs.noaa.gov/cgi-bin/ds_mark.prl?PidBox=DK3432,DK3432,161 2480 NO 2,,,,HI,HONOLULU,KANEOHE (2017),21 25 57.93490(N),157 47 22.37496(W),21.4327596944,-157.7895486000,17.370,NAD 83,(PA11),2010.00,ADJUSTED,0.84,LMSL,,LEVELING,15.795,GEOID12B,,,0.57,1.37,0.19,0.26,0.70,-0.24486990,,3,,-5499022.323,-2245279.666,2316068.684,HI 3,29476.418,521816.843,+0 04 36.8,0.99999315,04,2370527.802,625441.479,+0 26 32.5,0.99979444,B,1957,20080210,GOOD,NOSPMC,Y,DB = BENCH MARK DISK,40 = SET IN A LARGE STRUCTURE WITH DEEP FOUNDATIONS,NO 2 1957
,20260103,http://www.ngs.noaa.gov/cgi-bin/ds_mark.prl?PidBox=TU0534,TU0534,161 2668 TIDAL 4,,,,HI,HONOLULU,HALEIWA (2017),21 35 34.84094(N),158 06 22.99027(W),21.5930113722,-158.1063861861,16.495,NAD 83,(PA11),2010.00,ADJUSTED,1.227,LMSL,,ADJUSTED,14.588,GEOID12B,,,1.01,4.94,0.40,0.42,2.52,-0.15727220,,2,1,-5505315.987,-2212410.084,2332575.959,HI 3,47209.032,488983.370,-0 02 20.9,0.99998891,04,2388045.618,592503.199,+0 19 44.0,0.99970573,D,1969,20160220,GOOD,GEOCAC,Y,DB = BENCH MARK DISK,31 = SET IN A PAVEMENT SUCH AS STREET SIDEWALK CURB ETC.,NO 4 1969
,20260103,http://www.ngs.noaa.gov/cgi-bin/ds_mark.prl?PidBox=TU0533,TU0533,161 2668 TIDAL 5,,,,HI,HONOLULU,HALEIWA (2017),21 35 34.73731(N),158 06 16.78189(W),21.5929825861,-158.1046616361,16.262,NAD 83,(PA11),2010.00,ADJUSTED,1.019,LMSL,,ADJUSTED,14.591,GEOID12B,,,0.98,4.88,0.39,0.41,2.49,-0.16191420,,2,1,-5505250.280,-2212576.144,2332572.910,HI 3,47205.724,489161.950,-0 02 18.7,0.99998889,04,2388043.458,592681.746,+0 19 46.3,0.99970614,C,1969,20160220,GOOD,GEOCAC,Y,DB = BENCH MARK DISK,31 = SET IN A PAVEMENT SUCH AS STREET SIDEWALK CURB ETC.,NO 5 1969
,20260103,http://www.ngs.noaa.gov/cgi-bin/ds_mark.prl?PidBox=DM4979,DM4979,161 3198 A,,,,HI,MAUI,KAUNAKAKAI OE S (2017),21 04 55.97176(N),157 01 41.53901(W),21.0822143778,-157.0282052806,18.214,NAD 83,(PA11),2010.00,ADJUSTED,1.60,LMSL,,LEVELING,15.865,GEOID12B,,,1.27,8.47,0.46,0.57,4.32,-0.03339890,,3,,-5481659.230,-2323642.265,2279897.214,HI 2,82950.936,462432.374,-0 07 48.2,0.99998124,04,2332514.810,704844.035,+0 42 34.3,1.00011857,D,2000,20100210,GOOD,USACE,Y,DB = BENCH MARK DISK,4 = OBJECT SURROUNDED BY MASS OF CONCRETE,3198 A 2000
,20260103,http://www.ngs.noaa.gov/cgi-bin/ds_mark.prl?PidBox=DM4982,DM4982,161 3198 B,,,,HI,MAUI,KAUNAKAKAI OE S (2017),21 04 57.77505(N),157 01 38.39653(W),21.0827152917,-157.0273323694,17.597,NAD 83,(PA11),2010.00,ADJUSTED,1.08,LMSL,,LEVELING,15.866,GEOID12B,,,2.93,2.82,1.24,1.15,1.44,-0.03754825,,3,,-5481604.930,-2323717.768,2279948.740,HI 2,83006.190,462523.205,-0 07 47.1,0.99998125,04,2332571.396,704934.059,+0 42 35.5,1.00011902,C,2000,20230201,GOOD,HIROTA,Y,DJ = TIDAL STATION DISK,35 = SET IN A MAT FOUNDATION OR CONCRETE SLAB OTHER THAN PAVEMENT,3198 B 2000
,20260103,http://www.ngs.noaa.gov/cgi-bin/ds_mark.prl?PidBox=DM4980,DM4980,161 3198 C,,,,HI,MAUI,KAUNAKAKAI OE S (2017),21 04 59.46119(N),157 01 35.34711(W),21.0831836639,-157.0264853083,18.588,NAD 83,(PA11),2010.00,ADJUSTED,1.98,LMSL,,LEVELING,15.866,GEOID12B,,,1.70,9.02,0.56,0.79,4.60,0.05778010,,3,,-5481554.253,-2323791.888,2279997.483,HI 2,83057.847,462611.341,-0 07 46.0,0.99998101,04,2332624.347,705021.441,+0 42 36.6,1.00011947,D,2000,20100210,GOOD,USACE,Y,DB = BENCH MARK DISK,4 = OBJECT SURROUNDED BY MASS OF CONCRETE,3198 C 2000
,20260103,http://www.ngs.noaa.gov/cgi-bin/ds_mark.prl?PidBox=DK3431,DK3431,161 3198 TIDAL 10,,,,HI,MAUI,KAUNAKAKAI OE S (2017),21 04 58.23701(N),157 01 36.65221(W),21.0828436139,-157.0268478361,18.043,NAD 83,(PA11),2010.00,ADJUSTED,1.48,LMSL,,LEVELING,15.866,GEOID12B,,,4.14,7.88,1.49,1.85,4.02,-0.12111300,,3,,-5481580.957,-2323762.292,2279962.157,HI 2,83020.283,462573.585,-0 07 46.4,0.99998113,04,2332586.228,704984.234,+0 42 36.1,1.00011928,B,1968,20000801,GOOD,NGS,Y,DB = BENCH MARK DISK,40 = SET IN A LARGE STRUCTURE WITH DEEP FOUNDATIONS,BM 10 1968
,20260103,http://www.ngs.noaa.gov/cgi-bin/ds_mark.prl?PidBox=DM4981,DM4981,161 3198 UNSTAMPED,,,,HI,MAUI,KAUNAKAKAI OE S (2017),21 04 55.58792(N),157 01 39.56530(W),21.0821077556,-157.0276570278,17.502,NAD 83,(PA11),2010.00,ADJUSTED,0.97,LMSL,,LEVELING,15.866,GEOID12B,,,2.90,2.82,1.23,1.14,1.44,-0.03375646,,3,,-5481640.293,-2323696.116,2279885.943,HI 2,82939.002,462489.317,-0 07 47.5,0.99998130,04,2332503.710,704901.155,+0 42 35.0,1.00011886,D,2000,20230201,GOOD,HIROTA,Y,DB = BENCH MARK DISK,31 = SET IN A PAVEMENT SUCH AS STREET SIDEWALK CURB ETC.,NO STAMPING
,20260103,http://www.ngs.noaa.gov/cgi-bin/ds_mark.prl?PidBox=DL6323,DL6323,161 4465 TIDAL 2,,,,HI,MAUI,LANAI SOUTH OE W (2017),20 47 13.18914(N),156 59 26.99384(W),20.7869969833,-156.9908316222,19.557,NAD 83,(PA11),2010.00,ADJUSTED,3.478,LMSL,,ADJUSTED,15.449,GEOID12B,,,0.73,2.06,0.21,0.35,1.05,-0.18726450,,2,1,-5490892.968,-2331782.811,2249369.892,HI 2,50257.932,466249.845,-0 06 54.2,0.99997767,04,2299876.030,709137.575,+0 42 47.9,1.00014056,B,1927,20170515,GOOD,ATASSI,Y,DB = BENCH MARK DISK,37 = SET IN A MASSIVE RETAINING WALL,NO 2 1927
,20260103,http://www.ngs.noaa.gov/cgi-bin/ds_mark.prl?PidBox=AA3579,AA3579,161 4465 TIDAL 5,,,,HI,MAUI,LANAI SOUTH OE W (2017),20 47 15.17804(N),156 59 29.31665(W),20.7875494556,-156.9914768472,26.040,NAD 83,(PA11),2010.00,ADJUSTED,9.994,LMSL,,ADJUSTED,15.444,GEOID12B,,,0.73,2.06,0.20,0.35,1.05,-0.20995860,,2,1,-5490904.825,-2331714.860,2249429.378,HI 2,50319.232,466182.791,-0 06 55.0,0.99997670,04,2299936.364,709069.630,+0 42 47.1,1.00014021,B,1993,20170515,GOOD,ATASSI,Y,S = SPIKE,37 = SET IN A MASSIVE RETAINING WALL,TBM 5 BM 33.51
,20260103,http://www.ngs.noaa.gov/cgi-bin/ds_mark.prl?PidBox=TU0884,TU0884,161 5081 TIDAL 1,,,,HI,MAUI,MAKENA (2017),20 35 58.     (N),156 25 12.     (W),20.5994444444,-156.4200000000,,NAD 83,(1986),,SCALED,1.773,LMSL,,ADJUSTED,16.341,GEOID12B,,,,,,,,,,2,1,,,,HI 2,29480.,525710.,,,,,,,,A,1963,19790605,GOOD,NGS,,DB = BENCH MARK DISK,66 = SET IN ROCK OUTCROP,NO 1 1963
,20260103,http://www.ngs.noaa.gov/cgi-bin/ds_mark.prl?PidBox=TU0882,TU0882,161 5081 TIDAL 2,,,,HI,MAUI,MAKENA (2017),20 35 58.     (N),156 25 12.     (W),20.5994444444,-156.4200000000,,NAD 83,(1986),,SCALED,2.571,LMSL,,ADJUSTED,16.341,GEOID12B,,,,,,,,,,2,1,,,,HI 2,29480.,525710.,,,,,,,,A,1963,19790605,GOOD,NGS,,DB = BENCH MARK DISK,66 = SET IN ROCK OUTCROP,NO 2 1963
,20260103,http://www.ngs.noaa.gov/cgi-bin/ds_mark.prl?PidBox=TU0883,TU0883,161 5081 TIDAL 3,,,,HI,MAUI,MAKENA (2017),20 35 58.     (N),156 25 12.     (W),20.5994444444,-156.4200000000,,NAD 83,(1986),,SCALED,1.539,LMSL,,ADJUSTED,16.341,GEOID12B,,,,,,,,,,2,1,,,,HI 2,29480.,525710.,,,,,,,,A,1963,19790605,GOOD,NGS,,DB = BENCH MARK DISK,66 = SET IN ROCK OUTCROP,NO 3 1963
,20260103,http://www.ngs.noaa.gov/cgi-bin/ds_mark.prl?PidBox=TU0881,TU0881,161 5081 TIDAL 4,,,,HI,MAUI,MAKENA (2017),20 35 58.     (N),156 25 12.     (W),20.5994444444,-156.4200000000,,NAD 83,(1986),,SCALED,3.237,LMSL,,ADJUSTED,16.341,GEOID12B,,,,,,,,,,2,1,,,,HI 2,29480.,525710.,,,,,,,,A,1964,19790605,GOOD,NGS,,DB = BENCH MARK DISK,66 = SET IN ROCK OUTCROP,NO 4 1964
,20260103,http://www.ngs.noaa.gov/cgi-bin/ds_mark.prl?PidBox=TU2913,TU2913,161 5202 TIDAL 2,,,,HI,MAUI,MAKENA (2017),20 39 14.53031(N),156 26 31.73657(W),20.6540361972,-156.4421490472,,NAD 83,(1993),1993.62,ADJUSTED,3.491,LMSL,,ADJUSTED,16.567,GEOID12B,,,,,,,,,2,2,1,,,,HI 2,35520.164,523395.818,+0 04 45.1,0.99997028,04,2285958.934,766509.101,+0 54 09.9,1.00047788,A,1931,19790605,GOOD,NGS,,DB = BENCH MARK DISK,66 = SET IN ROCK OUTCROP,NO 2 1931
,20260103,http://www.ngs.noaa.gov/cgi-bin/ds_mark.prl?PidBox=TU0871,TU0871,161 5202 TIDAL 3,,,,HI,MAUI,MAKENA (2017),20 39 14.63   (N),156 26 31.43   (W),20.6540638889,-156.4420638889,,NAD 83,(1986),,HD_HELD1,0.847,LMSL,,ADJUSTED,16.567,GEOID12B,,,,,,,,,,2,1,,,,HI 2,35523.2,523404.7,,,,,,,,B,1961,19790605,GOOD,NGS,,DB = BENCH MARK DISK,36 = SET IN A MASSIVE STRUCTURE,NO 3 1961
,20260103,http://www.ngs.noaa.gov/cgi-bin/ds_mark.prl?PidBox=TU0873,TU0873,161 5202 TIDAL 4,,,,HI,MAUI,MAKENA (2017),20 39 14.49   (N),156 26 31.90   (W),20.6540250000,-156.4421944444,,NAD 83,(1986),,HD_HELD1,3.403,LMSL,,ADJUSTED,16.566,GEOID12B,,,,,,,,,,2,1,,,,HI 2,35518.9,523391.1,,,,,,,,A,1961,19790605,GOOD,NGS,,DB = BENCH MARK DISK,66 = SET IN ROCK OUTCROP,NO 4 1961
,20260103,http://www.ngs.noaa.gov/cgi-bin/ds_mark.prl?PidBox=TU0925,TU0925,161 5395 TIDAL 1,,,,HI,MAUI,HANA (2017),20 45 22.69   (N),155 58 56.73   (W),20.7563027778,-155.9824250000,,NAD 83,(1986),,HD_HELD1,2.551,LMSL,,ADJUSTED,14.249,GEOID12B,,,,,,,,,,2,1,,,,HI 2,46976.7,571254.6,,,,,,,,B,1962,20170207,GOOD,HIROTA,Y,DD = SURVEY DISK,38 = SET IN THE ABUTMENT OR PIER OF A LARGE BRIDGE,NO 1 1962
,20260103,http://www.ngs.noaa.gov/cgi-bin/ds_mark.prl?PidBox=TU0927,TU0927,161 5395 TIDAL 2,,,,HI,MAUI,HANA (2017),20 45 21.     (N),155 58 53.     (W),20.7558333333,-155.9813888889,,NAD 83,(1986),,SCALED,4.915,LMSL,,ADJUSTED,14.236,GEOID12B,,,,,,,,,,2,1,,,,HI 2,46930.,571360.,,,,,,,,C,1962,1979,GOOD,NGS,,DJ = TIDAL STATION DISK,80 = SET IN A BOULDER,NO 2 1962
,20260103,http://www.ngs.noaa.gov/cgi-bin/ds_mark.prl?PidBox=TU0928,TU0928,161 5395 TIDAL 3,,,,HI,MAUI,HANA (2017),20 45 19.     (N),155 58 56.     (W),20.7552777778,-155.9822222222,,NAD 83,(1986),,SCALED,3.044,LMSL,,ADJUSTED,14.259,GEOID12B,,,,,,,,,,2,1,,,,HI 2,46860.,571280.,,,,,,,,B,1962,1979,GOOD,NGS,,DJ = TIDAL STATION DISK,36 = SET IN A MASSIVE STRUCTURE,NO 3 1962
,20260103,http://www.ngs.noaa.gov/cgi-bin/ds_mark.prl?PidBox=TU0929,TU0929,161 5395 TIDAL 4,,,,HI,MAUI,HANA (2017),20 45 18.     (N),155 58 57.     (W),20.7550000000,-155.9825000000,,NAD 83,(1986),,SCALED,3.051,LMSL,,ADJUSTED,14.267,GEOID12B,,,,,,,,,,2,1,,,,HI 2,46830.,571250.,,,,,,,,B,1962,1979,GOOD,NGS,,DJ = TIDAL STATION DISK,36 = SET IN A MASSIVE STRUCTURE,NO 4 1962
,20260103,http://www.ngs.noaa.gov/cgi-bin/ds_mark.prl?PidBox=DK4805,DK4805,161 5680 A,,,,HI,MAUI,WAILUKU (2017),20 53 36.52046(N),156 27 59.68181(W),20.8934779056,-156.4665782806,18.360,NAD 83,(PA11),2010.00,ADJUSTED,1.93,LMSL,,LEVELING,15.789,GEOID12B,,,0.63,1.96,0.23,0.28,1.00,-0.00567420,,3,,-5465481.419,-2380250.789,2260387.243,HI 2,62025.649,520817.332,+0 04 16.9,0.99996913,04,2312437.496,763546.339,+0 54 14.5,1.00045844,C,1983,20090303,GOOD,NOS,Y,DB = BENCH MARK DISK,35 = SET IN A MAT FOUNDATION OR CONCRETE SLAB OTHER THAN PAVEMENT,5680 A 1983
,20260103,http://www.ngs.noaa.gov/cgi-bin/ds_mark.prl?PidBox=DK3427,DK3427,161 5680 C TIDAL,,,,HI,MAUI,WAILUKU (2017),20 53 23.27699(N),156 28 00.44662(W),20.8897991639,-156.4667907278,17.921,NAD 83,(PA11),2010.00,ADJUSTED,1.461,LMSL,,ADJUSTED,15.825,GEOID12B,,,1.79,2.70,0.73,0.73,1.38,-0.07414140,,2,1,-5465623.030,-2380288.352,2260006.568,HI 2,61618.339,520795.735,+0 04 16.6,0.99996919,04,2312029.717,763530.656,+0 54 13.7,1.00045834,B,1983,20221005,GOOD,HIROTA,Y,DB = BENCH MARK DISK,49 = STAINLESS STEEL ROD W/O SLEEVE (10 FT.+),5680 C 1983
,20260103,http://www.ngs.noaa.gov/cgi-bin/ds_mark.prl?PidBox=TU0850,TU0850,161 5680 TIDAL 11,,,,HI,MAUI,WAILUKU (2017),20 53 28.72   (N),156 28 00.42   (W),20.8913111111,-156.4667833333,,NAD 83,(1986),,HD_HELD1,2.006,LMSL,,ADJUSTED,15.811,GEOID12B,,,,,,,,,,2,1,,,,HI 2,61785.7,520796.3,,,,,,,,D,1971,20170209,GOOD,HIROTA,N,DB = BENCH MARK DISK,31 = SET IN A PAVEMENT SUCH AS STREET SIDEWALK CURB ETC.,NO 11 1971
,20260103,http://www.ngs.noaa.gov/cgi-bin/ds_mark.prl?PidBox=TU0856,TU0856,161 5680 TIDAL 12,,,,HI,MAUI,WAILUKU (2017),20 53 20.     (N),156 28 00.     (W),20.8888888889,-156.4666666667,,NAD 83,(1986),,SCALED,1.263,LMSL,,ADJUSTED,15.832,GEOID12B,,,,,,,,,,2,1,,,,HI 2,61520.,520810.,,,,,,,,D,1971,20120514,MARK NOT FOUND,GEOCAC,,DB = BENCH MARK DISK,30 = SET IN A LIGHT STRUCTURE,NO 12 1971
,20260103,http://www.ngs.noaa.gov/cgi-bin/ds_mark.prl?PidBox=TU0176,TU0176,161 5680 TIDAL 2,,,,HI,MAUI,WAILUKU (2017),20 53 35.     (N),156 27 59.     (W),20.8930555556,-156.4663888889,,NAD 83,(1986),,SCALED,2.397,LMSL,,ADJUSTED,15.792,GEOID12B,,,,,,,,,,2,1,,,,HI 2,61980.,520840.,,,,,,,,D,1929,19990725,MARK NOT FOUND,USPSQD,,DB = BENCH MARK DISK,30 = SET IN A LIGHT STRUCTURE,2 1929
,20260103,http://www.ngs.noaa.gov/cgi-bin/ds_mark.prl?PidBox=TU0232,TU0232,161 5680 TIDAL 4,,,,HI,MAUI,WAILUKU (2017),20 53 35.     (N),156 27 59.     (W),20.8930555556,-156.4663888889,,NAD 83,(1986),,SCALED,2.310,LMSL,,ADJUSTED,15.792,GEOID12B,,,,,,,,,,2,1,,,,HI 2,61980.,520840.,,,,,,,,D,1950,1981,MARK NOT FOUND,USGS,,DB = BENCH MARK DISK,30 = SET IN A LIGHT STRUCTURE,NO 4 1950
,20260103,http://www.ngs.noaa.gov/cgi-bin/ds_mark.prl?PidBox=TU0233,TU0233,161 5680 TIDAL 5,,,,HI,MAUI,WAILUKU (2017),20 53 38.     (N),156 27 59.     (W),20.8938888889,-156.4663888889,,NAD 83,(1986),,SCALED,1.754,LMSL,,ADJUSTED,15.784,GEOID12B,,,,,,,,,,2,1,,,,HI 2,62070.,520840.,,,,,,,,D,1950,1979,GOOD,NGS,,DB = BENCH MARK DISK,30 = SET IN A LIGHT STRUCTURE,NO 5 1950
,20260103,http://www.ngs.noaa.gov/cgi-bin/ds_mark.prl?PidBox=TU0231,TU0231,161 5680 TIDAL 6,,,,HI,MAUI,WAILUKU (2017),20 53 40.     (N),156 28 03.     (W),20.8944444444,-156.4675000000,,NAD 83,(1986),,SCALED,2.308,LMSL,,ADJUSTED,15.786,GEOID12B,,,,,,,,,,2,1,,,,HI 2,62130.,520720.,,,,,,,,B,1950,1979,GOOD,NGS,,DB = BENCH MARK DISK,36 = SET IN A MASSIVE STRUCTURE,NO 6 1950
,20260103,http://www.ngs.noaa.gov/cgi-bin/ds_mark.prl?PidBox=TU0847,TU0847,161 5680 TIDAL 8,,,,HI,MAUI,WAILUKU (2017),20 53 42.94   (N),156 28 07.12   (W),20.8952611111,-156.4686444444,,NAD 83,(1986),,HD_HELD1,2.696,LMSL,,ADJUSTED,15.785,GEOID12B,,,,,,,,,,2,1,,,,HI 2,62222.8,520602.1,,,,,,,,B,1966,19790605,GOOD,NGS,,DB = BENCH MARK DISK,36 = SET IN A MASSIVE STRUCTURE,NO 8 1966
,20260103,http://www.ngs.noaa.gov/cgi-bin/ds_mark.prl?PidBox=TU0845,TU0845,161 5680 TIDAL 9,,,,HI,MAUI,WAILUKU (2017),20 53 41.     (N),156 28 04.     (W),20.8947222222,-156.4677777778,,NAD 83,(1986),,SCALED,2.473,LMSL,,ADJUSTED,15.785,GEOID12B,,,,,,,,,,2,1,,,,HI 2,62160.,520690.,,,,,,,,C,1966,19790605,GOOD,NGS,,DB = BENCH MARK DISK,35 = SET IN A MAT FOUNDATION OR CONCRETE SLAB OTHER THAN PAVEMENT,NO 9 1966
,20260103,http://www.ngs.noaa.gov/cgi-bin/ds_mark.prl?PidBox=DK3434,DK3434,161 7433 B,,,,HI,HAWAII,KAWAIHAE (2017),20 02 11.58733(N),155 49 45.06083(W),20.0365520361,-155.8291835639,23.253,NAD 83,(PA11),2010.00,ADJUSTED,1.96,LMSL,,LEVELING,20.700,GEOID12B,,,1.24,3.55,0.49,0.52,1.81,-0.00080812,,3,,-5468930.347,-2454487.298,2171506.756,HI 1,133222.580,465560.860,-0 06 46.0,0.99997766,05,2218031.225,204028.311,-0 58 12.2,1.00068285,B,1989,20130311,GOOD,USACE,Y,DJ = TIDAL STATION DISK,40 = SET IN A LARGE STRUCTURE WITH DEEP FOUNDATIONS,7433 B 1989
,20260103,http://www.ngs.noaa.gov/cgi-bin/ds_mark.prl?PidBox=DK3430,DK3430,161 7760 A,,,,HI,HAWAII,HILO (2017),19 43 39.59726(N),155 03 15.88960(W),19.7276659056,-155.0544137778,23.592,NAD 83,(PA11),2010.00,ADJUSTED,5.55,LMSL,,LEVELING,17.508,GEOID12B,,,0.90,2.23,0.34,0.39,1.14,-0.01611797,,3,,-5445785.603,-2533117.872,2139350.414,HI 1,99056.564,546707.775,+0 09 01.5,0.99998991,05,2182648.619,284694.552,-0 41 37.4,1.00017301,A,1963,20211214,GOOD,HIROTA,Y,DB = BENCH MARK DISK,66 = SET IN ROCK OUTCROP,7760 A 1963
,20260103,http://www.ngs.noaa.gov/cgi-bin/ds_mark.prl?PidBox=DO8011,DO8011,161 7760 TIDAL 5,,,,HI,HAWAII,HILO (2017),19 43 45.65839(N),155 03 19.21466(W),19.7293495528,-155.0553374056,20.409,NAD 83,(PA11),2010.00,ADJUSTED,2.36,LMSL,,LEVELING,17.520,GEOID12B,,,1.02,2.55,0.39,0.44,1.30,-0.03058856,,3,,-5445766.674,-2533002.286,2139524.781,HI 1,99242.690,546610.468,+0 09 00.4,0.99999030,05,2182836.192,284599.980,-0 41 38.8,1.00017351,B,1959,20211214,GOOD,HIROTA,Y,DR = REFERENCE MARK DISK,38 = SET IN THE ABUTMENT OR PIER OF A LARGE BRIDGE,5 1959
,20260103,http://www.ngs.noaa.gov/cgi-bin/ds_mark.prl?PidBox=AA3601,AA3601,161 8739 A TIDAL,,,,HI,HAWAII,KALAE (2017),18 54 59.27376(N),155 40 06.29573(W),18.9164649333,-155.6684154806,18.593,NAD 83,(PA11),2010.00,NO CHECK,4.,LMSL,,GPS OBS,14.370,GEOID12B,,,3.06,8.17,0.95,1.44,4.17,0.11735030,,,,-5499686.367,-2486854.315,2054610.441,HI 1,9210.031,482258.937,-0 03 16.6,0.99996764,05,2093707.463,218928.908,-0 51 56.3,1.00057671,A,1979,1979,MONUMENTED,NOS,Y,DB = BENCH MARK DISK,66 = SET IN ROCK OUTCROP,8739 A 1979
,20260103,http://www.ngs.noaa.gov/cgi-bin/ds_mark.prl?PidBox=TU0214,TU0214,17,,,,HI,MAUI,PAIA (2017),20 54 57.     (N),156 22 52.     (W),20.9158333333,-156.3811111111,,NAD 83,(1986),,SCALED,5.032,LMSL,,ADJUSTED,15.253,GEOID12B,,,,,,,,,,2,1,,,,HI 2,64510.,529710.,,,,,,,,C,UNK,19970617,MARK NOT FOUND,USPSQD,,DD = SURVEY DISK,7 = SET IN TOP OF CONCRETE MONUMENT,17
,20260103,http://www.ngs.noaa.gov/cgi-bin/ds_mark.prl?PidBox=TU1424,TU1424,171,,,,HI,HONOLULU,PEARL HARBOR (2017),21 21 04.60208(N),157 57 41.03856(W),21.3512783556,-157.9613996000,,NAD 83,(1993),1993.62,ADJUSTED,1.,LMSL,,SCALED,15.440,GEOID12B,,,,,,,,,2,,,,,,HI 3,20440.569,504003.794,+0 00 50.6,0.99998762,04,2361380.774,607690.300,+0 22 41.4,0.99974331,C,1960,1964,GOOD,CGS,,DD = SURVEY DISK,7 = SET IN TOP OF CONCRETE MONUMENT,171
,20260103,http://www.ngs.noaa.gov/cgi-bin/ds_mark.prl?PidBox=TU2425,TU2425,1855,,,,HI,HAWAII,WOOD VALLEY (2017),19 15 54.37566(N),155 26 23.30716(W),19.2651043500,-155.4398075444,,NAD 83,(1993),1993.62,ADJUSTED,566.52,LMSL,,LEVELING,22.060,GEOID12B,,,,,,,,,2,3,,,,,HI 1,47793.387,506327.470,+0 01 11.5,0.99987465,05,2131963.314,243558.876,-0 48 19.6,1.00041297,A,1977,1977,MONUMENTED,USGS,,DD = SURVEY DISK,66 = SET IN ROCK OUTCROP,1855
,20260103,http://www.ngs.noaa.gov/cgi-bin/ds_mark.prl?PidBox=TU0818,TU0818,1964 2,,,,HI,KAUAI,MAKAHA POINT (2017),22 08 01.82210(N),159 43 42.95875(W),22.1338394722,-159.7285996528,,NAD 83,(1993),1993.62,ADJUSTED,454.218,LMSL,,ADJ UNCH,16.074,GEOID12B,,,,,,,,,2,2,0,,,,HI 4,33292.454,476416.714,-0 05 10.1,0.99992296,04,2447821.238,424862.643,-0 16 28.3,0.99966975,D,1966,1966,GOOD,CGS,,DS = TRIANGULATION STATION DISK,30 = SET IN A LIGHT STRUCTURE,1964-2
,20260103,http://www.ngs.noaa.gov/cgi-bin/ds_mark.prl?PidBox=TU0819,TU0819,1964 2 RM 1,,,,HI,KAUAI,MAKAHA POINT (2017),22 08 01.64   (N),159 43 43.10   (W),22.1337888889,-159.7286388889,,NAD 83,(1986),,HD_HELD1,454.174,LMSL,,ADJ UNCH,16.075,GEOID12B,,,,,,,,,,2,0,,,,HI 4,33286.9,476412.7,,,,,,,,D,UNK,1966,GOOD,CGS,,DR = REFERENCE MARK DISK,30 = SET IN A LIGHT STRUCTURE,1964-2
,20260103,http://www.ngs.noaa.gov/cgi-bin/ds_mark.prl?PidBox=TU0553,TU0553,2,,,,HI,HONOLULU,KAENA (2017),21 34 52.     (N),158 12 11.     (W),21.5811111111,-158.2030555556,,NAD 83,(1986),,SCALED,4.004,LMSL,,ADJUSTED,14.587,GEOID12B,,,,,,,,,,2,1,,,,HI 3,45900.,478970.,,,,,,,,C,UNK,20060605,MARK NOT FOUND,HIDT,,DD = SURVEY DISK,7 = SET IN TOP OF CONCRETE MONUMENT,2
,20260103,http://www.ngs.noaa.gov/cgi-bin/ds_mark.prl?PidBox=TU0416,TU0416,2 10,,,,HI,HONOLULU,HONOLULU (2017),21 17 35.39001(N),157 49 30.28588(W),21.2931638917,-157.8250794111,,NAD 83,(1993),1993.62,ADJUSTED,3.606,LMSL,,ADJUSTED,15.573,GEOID12B,,,,,,,,,2,2,1,,,,HI 3,14015.698,518150.654,+0 03 48.7,0.99999106,04,2355047.271,621874.409,+0 25 36.2,0.99978355,D,1969,20060315,GOOD,HIDT,,DD = SURVEY DISK,30 = SET IN A LIGHT STRUCTURE,2-10 1969
,20260103,http://www.ngs.noaa.gov/cgi-bin/ds_mark.prl?PidBox=TU0437,TU0437,2 5,,,,HI,HONOLULU,HONOLULU (2017),21 16 55.25455(N),157 48 51.16817(W),21.2820151528,-157.8142133806,,NAD 83,(1993),1993.62,ADJUSTED,3.748,LMSL,,ADJUSTED,15.506,GEOID12B,,,,,,,,,2,2,1,,,,HI 3,12782.597,519279.625,+0 04 02.8,0.99999156,04,2353821.606,623010.934,+0 25 49.6,0.99978699,D,1969,20150319,GOOD,GEOCAC,,DD = SURVEY DISK,30 = SET IN A LIGHT STRUCTURE,2-5 1969
,20260103,http://www.ngs.noaa.gov/cgi-bin/ds_mark.prl?PidBox=TU0414,TU0414,2 6,,,,HI,HONOLULU,HONOLULU (2017),21 17 48.29114(N),157 49 46.26179(W),21.2967475389,-157.8295171639,,NAD 83,(1993),1993.62,ADJUSTED,5.161,LMSL,,ADJUSTED,15.589,GEOID12B,,,,,,,,,2,2,1,,,,HI 3,14411.976,517689.741,+0 03 42.9,0.99999061,04,2355440.536,621411.091,+0 25 30.6,0.99978215,C,1969,20060315,SEE DESCRIPTION,HIDT,,DD = SURVEY DISK,7 = SET IN TOP OF CONCRETE MONUMENT,2-6 1969
,20260103,http://www.ngs.noaa.gov/cgi-bin/ds_mark.prl?PidBox=DR2142,DR2142,2 6C,,,,HI,HONOLULU,HONOLULU (2017),21 17 41.9    (N),157 49 29.1    (W),21.2949722222,-157.8247500000,,NAD 83,(1986),,HD_HELD2,3.394,LMSL,,ADJUSTED,15.590,GEOID12B,,,,,,,,,,2,1,,,,HI 3,14216.,518185.,,,,,,,,D,1971,20150730,GOOD,HIROTA,Y,DD = SURVEY DISK,31 = SET IN A PAVEMENT SUCH AS STREET SIDEWALK CURB ETC.,2-6C 1971
,20260103,http://www.ngs.noaa.gov/cgi-bin/ds_mark.prl?PidBox=TU0853,TU0853,2 UHI,,,,HI,MAUI,WAILUKU (2017),20 52 49.     (N),156 29 47.     (W),20.8802777778,-156.4963888889,,NAD 83,(1986),,SCALED,93.612,LMSL,,ADJUSTED,16.099,GEOID12B,,,,,,,,,,2,1,,,,HI 2,60560.,517720.,,,,,,,,C,1977,20231113,GOOD,USACE,Y,DB = BENCH MARK DISK,35 = SET IN A MAT FOUNDATION OR CONCRETE SLAB OTHER THAN PAVEMENT,2
,20260103,http://www.ngs.noaa.gov/cgi-bin/ds_mark.prl?PidBox=TU0197,TU0197,20 A,,,,HI,MAUI,PUU O KALI (2017),20 47 42.     (N),156 26 07.     (W),20.7950000000,-156.4352777778,,NAD 83,(1986),,SCALED,67.635,LMSL,,ADJUSTED,16.332,GEOID12B,,,,,,,,,,2,1,,,,HI 2,51130.,524090.,,,,,,,,B,UNK,19970619,MARK NOT FOUND,USPSQD,,X = CHISELED CROSS,36 = SET IN A MASSIVE STRUCTURE,
,20260103,http://www.ngs.noaa.gov/cgi-bin/ds_mark.prl?PidBox=TU0278,TU0278,200,,,,HI,HONOLULU,HONOLULU (2017),21 19 12.     (N),157 51 14.     (W),21.3200000000,-157.8538888889,,NAD 83,(1986),,SCALED,19.132,LMSL,,ADJUSTED,15.670,GEOID12B,,,,,,,,,,2,1,,,,HI 3,16980.,515160.,,,,,,,,C,UNK,20060624,SEE DESCRIPTION,HIDT,,DD = SURVEY DISK,7 = SET IN TOP OF CONCRETE MONUMENT,
,20260103,http://www.ngs.noaa.gov/cgi-bin/ds_mark.prl?PidBox=TU0069,TU0069,2002,,,,HI,HAWAII,PUUMAKAALA (2017),19 31 43.     (N),155 07 58.     (W),19.5286111111,-155.1327777778,,NAD 83,(1986),,SCALED,610.400,LMSL,,ADJ UNCH,20.304,GEOID12B,,,,,,,,,,1,1,,,,HI 1,77000.,538540.,,,,,,,,D,1910,1975,GOOD,NGS,,DB = BENCH MARK DISK,31 = SET IN A PAVEMENT SUCH AS STREET SIDEWALK CURB ETC.,2002
,20260103,http://www.ngs.noaa.gov/cgi-bin/ds_mark.prl?PidBox=TU0194,TU0194,21 B,,,,HI,MAUI,PUU O KALI (2017),20 47 02.     (N),156 27 07.     (W),20.7838888889,-156.4519444444,,NAD 83,(1986),,SCALED,21.598,LMSL,,ADJUSTED,16.371,GEOID12B,,,,,,,,,,2,1,,,,HI 2,49900.,522360.,,,,,,,,B,UNK,19970619,MARK NOT FOUND,USPSQD,,X = CHISELED CROSS,36 = SET IN A MASSIVE STRUCTURE,
,20260103,http://www.ngs.noaa.gov/cgi-bin/ds_mark.prl?PidBox=TU1423,TU1423,214,,,,HI,HONOLULU,PEARL HARBOR (2017),21 20 57.49784(N),157 57 40.18008(W),21.3493049556,-157.9611611333,,NAD 83,(1993),1993.62,ADJUSTED,13.4,LMSL,,VERT ANG,15.431,GEOID12B,,,,,,,,,1,,,,,,HI 3,20222.079,504028.583,+0 00 50.9,0.99998567,04,2361162.500,607716.471,+0 22 41.6,0.99974338,B,1960,20030709,MARK NOT FOUND,GEOCAC,,DD = SURVEY DISK,36 = SET IN A MASSIVE STRUCTURE,214
,20260103,http://www.ngs.noaa.gov/cgi-bin/ds_mark.prl?PidBox=TU1430,TU1430,246,,,,HI,HONOLULU,PEARL HARBOR (2017),21 20 44.98209(N),157 57 54.71232(W),21.3458283583,-157.9651978667,,NAD 83,(1993),1993.62,ADJUSTED,3.,LMSL,,SCALED,15.408,GEOID12B,,,,,,,,,2,,,,,,HI 3,19837.050,503609.956,+0 00 45.6,0.99998727,04,2360774.915,607300.401,+0 22 36.1,0.99974227,B,1960,20030709,SEE DESCRIPTION,GEOCAC,,DS = TRIANGULATION STATION DISK,36 = SET IN A MASSIVE STRUCTURE,246 1960
,20260103,http://www.ngs.noaa.gov/cgi-bin/ds_mark.prl?PidBox=TU2750,TU2750,258 DATUM,,,,HI,HAWAII,MAHUKONA (2017),20 08 09.57507(N),155 53 11.74110(W),20.1359930750,-155.8865947500,,NAD 83,(1993),1993.62,ADJUSTED,76.0,LMSL,,VERT ANG,18.990,GEOID12B,,,,,,,,,2,,,,,,HI 1,144243.917,459579.954,-0 07 59.1,0.99997192,05,2229149.022,198209.180,-0 59 40.1,1.00072584,A,1948,20110627,GOOD,GEOCAC,Y,DD = SURVEY DISK,66 = SET IN ROCK OUTCROP,HAWAII
,20260103,http://www.ngs.noaa.gov/cgi-bin/ds_mark.prl?PidBox=TU3253,TU3253,27 M,,,,HI,MAUI,LANAI NORTH (2017),20 55 23.76998(N),156 56 16.45575(W),20.9232694389,-156.9379043750,,NAD 83,(1993),1993.62,ADJUSTED,6.02,LMSL,,LEVELING,16.022,GEOID12B,,,,,,,,,2,3,,,,,HI 2,65334.820,471785.781,-0 05 48.7,0.99997304,04,2315034.282,714455.213,+0 44 12.1,1.00016839,,1962,1962,MONUMENTED,USGS,,Z = SEE DESCRIPTION,0 = UNSPECIFIED SETTING,
,20260103,http://www.ngs.noaa.gov/cgi-bin/ds_mark.prl?PidBox=TU2006,TU2006,273901 1967,,,,HI,KAUAI,MAKAHA POINT (2017),22 08 03.51318(N),159 43 40.67631(W),22.1343092167,-159.7279656417,,NAD 83,(1993),1993.62,ADJUSTED,460.,LMSL,,SCALED,16.076,GEOID12B,,,,,,,,,3,,,,,,HI 4,33344.371,476482.199,-0 05 09.2,0.99992201,04,2447872.922,424928.277,-0 16 27.5,0.99966963,,1967,1967,MONUMENTED,CGS,,,,
,20260103,http://www.ngs.noaa.gov/cgi-bin/ds_mark.prl?PidBox=TU0844,TU0844,273901 AXIS,,,,HI,KAUAI,MAKAHA POINT (2017),22 08 04.     (N),159 43 41.     (W),22.1344444444,-159.7280555556,,NAD 83,(1986),,SCALED,475.294,LMSL,,ADJ UNCH,16.073,GEOID12B,,,,,,,,,,2,0,,,,HI 4,33360.,476470.,,,,,,,,D,UNK,1967,GOOD,CGS,,Z = SEE DESCRIPTION,0 = UNSPECIFIED SETTING,
,20260103,http://www.ngs.noaa.gov/cgi-bin/ds_mark.prl?PidBox=TU2005,TU2005,273902 1967,,,,HI,KAUAI,MAKAHA POINT (2017),22 08 04.34620(N),159 43 40.54310(W),22.1345406111,-159.7279286389,,NAD 83,(1993),1993.62,ADJUSTED,459.,LMSL,,SCALED,16.073,GEOID12B,,,,,,,,,3,,,,,,HI 4,33369.988,476486.055,-0 05 09.2,0.99992217,04,2447898.518,424932.216,-0 16 27.4,0.99966962,,1967,1967,MONUMENTED,CGS,,,,
,20260103,http://www.ngs.noaa.gov/cgi-bin/ds_mark.prl?PidBox=TU0843,TU0843,273902 AXIS,,,,HI,KAUAI,MAKAHA POINT (2017),22 08 05.     (N),159 43 41.     (W),22.1347222222,-159.7280555556,,NAD 83,(1986),,SCALED,470.869,LMSL,,ADJ UNCH,16.070,GEOID12B,,,,,,,,,,2,0,,,,HI 4,33390.,476470.,,,,,,,,D,UNK,1967,GOOD,CGS,,Z = SEE DESCRIPTION,0 = UNSPECIFIED SETTING,
,20260103,http://www.ngs.noaa.gov/cgi-bin/ds_mark.prl?PidBox=TU2008,TU2008,273C01 1967,,,,HI,KAUAI,MAKAHA POINT (2017),22 08 05.92689(N),159 43 41.98042(W),22.1349796917,-159.7283278944,,NAD 83,(1993),1993.62,ADJUSTED,454.,LMSL,,SCALED,16.063,GEOID12B,,,,,,,,,3,,,,,,HI 4,33418.670,476444.939,-0 05 09.7,0.99992298,04,2447947.319,424891.274,-0 16 28.0,0.99966970,,1967,1967,MONUMENTED,CGS,,,,
,20260103,http://www.ngs.noaa.gov/cgi-bin/ds_mark.prl?PidBox=TU0828,TU0828,274201 DISH,,,,HI,KAUAI,MAKAHA POINT (2017),22 07 56.     (N),159 43 25.     (W),22.1322222222,-159.7236111111,,NAD 83,(1986),,SCALED,529.208,LMSL,,ADJ UNCH,16.151,GEOID12B,,,,,,,,,,2,0,,,,HI 4,33110.,476930.,,,,,,,,B,UNK,1967,GOOD,CGS,,Z = SEE DESCRIPTION,36 = SET IN A MASSIVE STRUCTURE,
,20260103,http://www.ngs.noaa.gov/cgi-bin/ds_mark.prl?PidBox=TU0827,TU0827,274201 MK,,,,HI,KAUAI,MAKAHA POINT (2017),22 07 55.36556(N),159 43 25.16540(W),22.1320459889,-159.7236570556,,NAD 83,(1993),1993.62,ADJUSTED,512.958,LMSL,,ADJ UNCH,16.153,GEOID12B,,,,,,,,,2,2,0,,,,HI 4,33093.100,476926.322,-0 05 03.3,0.99991343,04,2447620.275,425371.426,-0 16 21.5,0.99966881,B,1967,1967,GOOD,CGS,,DB = BENCH MARK DISK,36 = SET IN A MASSIVE STRUCTURE,274201 1967
,20260103,http://www.ngs.noaa.gov/cgi-bin/ds_mark.prl?PidBox=TU0834,TU0834,274202 DISH,,,,HI,KAUAI,MAKAHA POINT (2017),22 07 56.     (N),159 43 25.     (W),22.1322222222,-159.7236111111,,NAD 83,(1986),,SCALED,527.089,LMSL,,ADJ UNCH,16.151,GEOID12B,,,,,,,,,,2,0,,,,HI 4,33110.,476930.,,,,,,,,B,UNK,1967,GOOD,CGS,,Z = SEE DESCRIPTION,36 = SET IN A MASSIVE STRUCTURE,
,20260103,http://www.ngs.noaa.gov/cgi-bin/ds_mark.prl?PidBox=TU0833,TU0833,274202 MK,,,,HI,KAUAI,MAKAHA POINT (2017),22 07 55.31404(N),159 43 25.19009(W),22.1320316778,-159.7236639139,,NAD 83,(1993),1993.62,ADJUSTED,512.917,LMSL,,ADJ UNCH,16.153,GEOID12B,,,,,,,,,2,2,0,,,,HI 4,33091.517,476925.612,-0 05 03.4,0.99991344,04,2447618.695,425370.712,-0 16 21.5,0.99966881,B,1967,1967,GOOD,CGS,,DB = BENCH MARK DISK,36 = SET IN A MASSIVE STRUCTURE,274202 1967
,20260103,http://www.ngs.noaa.gov/cgi-bin/ds_mark.prl?PidBox=TU0831,TU0831,274203 MK,,,,HI,KAUAI,MAKAHA POINT (2017),22 07 55.33831(N),159 43 25.18499(W),22.1320384194,-159.7236624972,,NAD 83,(1993),1993.62,ADJUSTED,512.940,LMSL,,ADJ UNCH,16.153,GEOID12B,,,,,,,,,2,2,0,,,,HI 4,33092.263,476925.760,-0 05 03.3,0.99991343,04,2447619.440,425370.861,-0 16 21.5,0.99966881,B,1967,1967,GOOD,CGS,,DB = BENCH MARK DISK,36 = SET IN A MASSIVE STRUCTURE,274203 1967
,20260103,http://www.ngs.noaa.gov/cgi-bin/ds_mark.prl?PidBox=TU0832,TU0832,274203 TARGET,,,,HI,KAUAI,MAKAHA POINT (2017),22 07 56.     (N),159 43 25.     (W),22.1322222222,-159.7236111111,,NAD 83,(1986),,SCALED,530.482,LMSL,,ADJ UNCH,16.151,GEOID12B,,,,,,,,,,2,0,,,,HI 4,33110.,476930.,,,,,,,,B,UNK,1967,GOOD,CGS,,Z = SEE DESCRIPTION,36 = SET IN A MASSIVE STRUCTURE,
,20260103,http://www.ngs.noaa.gov/cgi-bin/ds_mark.prl?PidBox=TU0825,TU0825,274204 MK,,,,HI,KAUAI,MAKAHA POINT (2017),22 07 55.39193(N),159 43 25.14469(W),22.1320533139,-159.7236513028,,NAD 83,(1993),1993.62,ADJUSTED,512.858,LMSL,,ADJ UNCH,16.153,GEOID12B,,,,,,,,,2,2,0,,,,HI 4,33093.911,476926.917,-0 05 03.3,0.99991344,04,2447621.083,425372.023,-0 16 21.5,0.99966881,C,1967,1967,GOOD,CGS,,DB = BENCH MARK DISK,16 = (FASTENED TO) A METAL ROD WITH BASE PLATE BURIED/SCREWED INTO GROUND,274204 1967
,20260103,http://www.ngs.noaa.gov/cgi-bin/ds_mark.prl?PidBox=TU0826,TU0826,274204 TARGET,,,,HI,KAUAI,MAKAHA POINT (2017),22 07 56.     (N),159 43 25.     (W),22.1322222222,-159.7236111111,,NAD 83,(1986),,SCALED,527.946,LMSL,,ADJ UNCH,16.151,GEOID12B,,,,,,,,,,2,0,,,,HI 4,33110.,476930.,,,,,,,,B,UNK,1967,GOOD,CGS,,Z = SEE DESCRIPTION,36 = SET IN A MASSIVE STRUCTURE,
,20260103,http://www.ngs.noaa.gov/cgi-bin/ds_mark.prl?PidBox=TU0835,TU0835,274205 MK,,,,HI,KAUAI,MAKAHA POINT (2017),22 07 55.28756(N),159 43 25.21308(W),22.1320243222,-159.7236703000,,NAD 83,(1993),1993.62,ADJUSTED,512.995,LMSL,,ADJ UNCH,16.153,GEOID12B,,,,,,,,,2,2,0,,,,HI 4,33090.703,476924.952,-0 05 03.4,0.99991342,04,2447617.883,425370.049,-0 16 21.5,0.99966881,C,1967,1967,GOOD,CGS,,DB = BENCH MARK DISK,16 = (FASTENED TO) A METAL ROD WITH BASE PLATE BURIED/SCREWED INTO GROUND,274205 1967
,20260103,http://www.ngs.noaa.gov/cgi-bin/ds_mark.prl?PidBox=TU0836,TU0836,274205 TARGET,,,,HI,KAUAI,MAKAHA POINT (2017),22 07 55.     (N),159 43 25.     (W),22.1319444444,-159.7236111111,,NAD 83,(1986),,SCALED,528.273,LMSL,,ADJ UNCH,16.154,GEOID12B,,,,,,,,,,2,0,,,,HI 4,33080.,476930.,,,,,,,,B,UNK,1967,GOOD,CGS,,Z = SEE DESCRIPTION,36 = SET IN A MASSIVE STRUCTURE,
,20260103,http://www.ngs.noaa.gov/cgi-bin/ds_mark.prl?PidBox=TU0829,TU0829,274206 MARK,,,,HI,KAUAI,MAKAHA POINT (2017),22 07 55.34011(N),159 43 25.16677(W),22.1320389194,-159.7236574361,,NAD 83,(1993),1993.62,ADJUSTED,512.987,LMSL,,ADJ UNCH,16.153,GEOID12B,,,,,,,,,2,2,0,,,,HI 4,33092.318,476926.282,-0 05 03.3,0.99991343,04,2447619.493,425371.383,-0 16 21.5,0.99966881,B,1967,1967,GOOD,CGS,,DB = BENCH MARK DISK,36 = SET IN A MASSIVE STRUCTURE,274206 1967
,20260103,http://www.ngs.noaa.gov/cgi-bin/ds_mark.prl?PidBox=TU0830,TU0830,274206 TARGET,,,,HI,KAUAI,MAKAHA POINT (2017),22 07 56.     (N),159 43 25.     (W),22.1322222222,-159.7236111111,,NAD 83,(1986),,SCALED,525.833,LMSL,,ADJ UNCH,16.151,GEOID12B,,,,,,,,,,2,0,,,,HI 4,33110.,476930.,,,,,,,,B,UNK,1967,GOOD,CGS,,Z = SEE DESCRIPTION,36 = SET IN A MASSIVE STRUCTURE,
,20260103,http://www.ngs.noaa.gov/cgi-bin/ds_mark.prl?PidBox=TU0842,TU0842,274207 ANTENNA,,,,HI,KAUAI,MAKAHA POINT (2017),22 08 01.     (N),159 43 39.     (W),22.1336111111,-159.7275000000,,NAD 83,(1986),,SCALED,482.623,LMSL,,ADJ UNCH,16.090,GEOID12B,,,,,,,,,,2,0,,,,HI 4,33270.,476530.,,,,,,,,B,UNK,1967,GOOD,CGS,,B = BOLT,36 = SET IN A MASSIVE STRUCTURE,
,20260103,http://www.ngs.noaa.gov/cgi-bin/ds_mark.prl?PidBox=TU0841,TU0841,274207 MK,,,,HI,KAUAI,MAKAHA POINT (2017),22 08 00.55630(N),159 43 38.61545(W),22.1334878611,-159.7273931806,,NAD 83,(1993),1993.62,ADJUSTED,469.088,LMSL,,ADJ UNCH,16.092,GEOID12B,,,,,,,,,2,2,0,,,,HI 4,33253.333,476541.121,-0 05 08.4,0.99992055,04,2447781.721,424986.880,-0 16 26.7,0.99966952,C,1967,1967,GOOD,CGS,,DB = BENCH MARK DISK,7 = SET IN TOP OF CONCRETE MONUMENT,274207 1967
,20260103,http://www.ngs.noaa.gov/cgi-bin/ds_mark.prl?PidBox=TU0409,TU0409,3,,,,HI,HONOLULU,HONOLULU (2017),21 18 44.     (N),157 51 36.     (W),21.3122222222,-157.8600000000,,NAD 83,(1986),,SCALED,6.415,LMSL,,ADJUSTED,15.580,GEOID12B,,,,,,,,,,2,1,,,,HI 3,16120.,514530.,,,,,,,,C,UNK,1969,GOOD,CGS,,DD = SURVEY DISK,7 = SET IN TOP OF CONCRETE MONUMENT,
,20260103,http://www.ngs.noaa.gov/cgi-bin/ds_mark.prl?PidBox=TU0471,TU0471,3 1,,,,HI,HONOLULU,HONOLULU (2017),21 18 20.     (N),157 47 31.     (W),21.3055555556,-157.7919444444,,NAD 83,(1986),,SCALED,99.184,LMSL,,ADJUSTED,15.785,GEOID12B,,,,,,,,,,2,1,,,,HI 3,15390.,521590.,,,,,,,,D,1969,20060315,GOOD,HIDT,,DE = TRAVERSE STATION DISK,30 = SET IN A LIGHT STRUCTURE,3-1 1969
,20260103,http://www.ngs.noaa.gov/cgi-bin/ds_mark.prl?PidBox=TU0329,TU0329,3 11,,,,HI,HONOLULU,KOKO HEAD (2017),21 17 04.     (N),157 43 16.     (W),21.2844444444,-157.7211111111,,NAD 83,(1986),,SCALED,1.109,LMSL,,ADJUSTED,15.480,GEOID12B,,,,,,,,,,2,1,,,,HI 3,13070.,528940.,,,,,,,,C,1969,20110611,GOOD,GPSHI,Y,DD = SURVEY DISK,7 = SET IN TOP OF CONCRETE MONUMENT,3-11 1969
,20260103,http://www.ngs.noaa.gov/cgi-bin/ds_mark.prl?PidBox=TU0334,TU0334,3 13,,,,HI,HONOLULU,KOKO HEAD (2017),21 16 22.60046(N),157 41 20.17175(W),21.2729445722,-157.6889365972,,NAD 83,(1993),1993.62,ADJUSTED,60.876,LMSL,,ADJUSTED,15.281,GEOID12B,,,,,,,,,2,2,1,,,,HI 3,11798.755,532282.021,+0 06 46.3,0.99999090,04,2352920.321,636016.817,+0 28 32.7,0.99982862,C,1969,20150714,GOOD,PAREN,Y,DE = TRAVERSE STATION DISK,7 = SET IN TOP OF CONCRETE MONUMENT,3-13 1969
,20260103,http://www.ngs.noaa.gov/cgi-bin/ds_mark.prl?PidBox=TU0421,TU0421,3 3,,,,HI,HONOLULU,HONOLULU (2017),21 17 12.76929(N),157 48 26.22119(W),21.2868803583,-157.8072836639,,NAD 83,(1993),1993.62,ADJUSTED,30.215,LMSL,,ADJUSTED,15.572,GEOID12B,,,,,,,,,2,2,1,,,,HI 3,13322.135,519998.087,+0 04 11.9,0.99998774,04,2354365.573,623725.815,+0 25 59.0,0.99978917,D,1969,20060315,GOOD,HIDT,,DD = SURVEY DISK,30 = SET IN A LIGHT STRUCTURE,3-3 1969
,20260103,http://www.ngs.noaa.gov/cgi-bin/ds_mark.prl?PidBox=DR2144,DR2144,3 3D,,,,HI,HONOLULU,HONOLULU (2017),21 16 55.9    (N),157 47 53.5    (W),21.2821944444,-157.7981944444,,NAD 83,(1986),,HD_HELD2,52.851,LMSL,,ADJUSTED,15.545,GEOID12B,,,,,,,,,,2,1,,,,HI 3,12804.,520942.,,,,,,,,D,1972,20150723,GOOD,HIROTA,Y,DD = SURVEY DISK,31 = SET IN A PAVEMENT SUCH AS STREET SIDEWALK CURB ETC.,3-3D 1972
,20260103,http://www.ngs.noaa.gov/cgi-bin/ds_mark.prl?PidBox=TU0313,TU0313,3 4,,,,HI,HONOLULU,HONOLULU (2017),21 16 15.62039(N),157 49 21.38668(W),21.2710056639,-157.8226074111,,NAD 83,(1993),1993.62,ADJUSTED,2.419,LMSL,,ADJUSTED,15.377,GEOID12B,,,,,,,,,2,2,1,,,,HI 3,11562.625,518409.919,+0 03 51.7,0.99999139,04,2352596.406,622149.153,+0 25 37.9,0.99978437,D,1969,20060607,MARK NOT FOUND,HIDT,,DD = SURVEY DISK,31 = SET IN A PAVEMENT SUCH AS STREET SIDEWALK CURB ETC.,3-4 1969
,20260103,http://www.ngs.noaa.gov/cgi-bin/ds_mark.prl?PidBox=TU0323,TU0323,3 6,,,,HI,HONOLULU,KOKO HEAD (2017),21 16 34.37838(N),157 45 49.58564(W),21.2762162167,-157.7637737889,,NAD 83,(1993),1993.62,ADJUSTED,2.993,LMSL,,ADJUSTED,15.501,GEOID12B,,,,,,,,,2,2,1,,,,HI 3,12147.534,524514.871,+0 05 08.6,0.99999451,04,2353219.842,628249.045,+0 26 55.1,0.99980325,D,1969,20150714,GOOD,PAREN,Y,DE = TRAVERSE STATION DISK,31 = SET IN A PAVEMENT SUCH AS STREET SIDEWALK CURB ETC.,3-6 1969
,20260103,http://www.ngs.noaa.gov/cgi-bin/ds_mark.prl?PidBox=TU0325,TU0325,3 7,,,,HI,HONOLULU,KOKO HEAD (2017),21 16 41.75775(N),157 45 06.46645(W),21.2782660417,-157.7517962361,,NAD 83,(1993),1993.62,ADJUSTED,1.946,LMSL,,ADJUSTED,15.507,GEOID12B,,,,,,,,,2,2,1,,,,HI 3,12376.398,525757.515,+0 05 24.3,0.99999545,04,2353456.527,629489.976,+0 27 10.9,0.99980720,D,1969,20060315,SEE DESCRIPTION,HIDT,,DD = SURVEY DISK,31 = SET IN A PAVEMENT SUCH AS STREET SIDEWALK CURB ETC.,3-7 1969
,20260103,http://www.ngs.noaa.gov/cgi-bin/ds_mark.prl?PidBox=TU0327,TU0327,3 8,,,,HI,HONOLULU,KOKO HEAD (2017),21 16 51.28197(N),157 44 17.46366(W),21.2809116583,-157.7381843500,,NAD 83,(1993),1993.62,ADJUSTED,1.494,LMSL,,ADJUSTED,15.501,GEOID12B,,,,,,,,,2,2,1,,,,HI 3,12671.603,527169.619,+0 05 42.1,0.99999645,04,2353760.615,630899.915,+0 27 28.9,0.99981174,C,1969,20060315,SEE DESCRIPTION,HIDT,,DD = SURVEY DISK,7 = SET IN TOP OF CONCRETE MONUMENT,3-8 1969
,20260103,http://www.ngs.noaa.gov/cgi-bin/ds_mark.prl?PidBox=TU0876,TU0876,3 UHI,,,,HI,MAUI,MAKENA (2017),20 38 11.     (N),156 26 55.     (W),20.6363888889,-156.4486111111,,NAD 83,(1986),,SCALED,109.016,LMSL,,ADJUSTED,16.460,GEOID12B,,,,,,,,,,2,1,,,,HI 2,33570.,522730.,,,,,,,,B,1977,19790605,GOOD,NGS,,DB = BENCH MARK DISK,65 = SET IN UNSPECIFIED ROCK OR BOULDER,3
,20260103,http://www.ngs.noaa.gov/cgi-bin/ds_mark.prl?PidBox=TU0216,TU0216,30,,,,HI,MAUI,PAIA (2017),20 54 31.     (N),156 24 03.     (W),20.9086111111,-156.4008333333,,NAD 83,(1986),,SCALED,9.029,LMSL,,ADJUSTED,15.380,GEOID12B,,,,,,,,,,2,1,,,,HI 2,63710.,527660.,,,,,,,,D,UNK,19990724,MARK NOT FOUND,USPSQD,,N = NAIL,30 = SET IN A LIGHT STRUCTURE,
,20260103,http://www.ngs.noaa.gov/cgi-bin/ds_mark.prl?PidBox=TU1679,TU1679,30188,,,,HI,HONOLULU,PEARL HARBOR (2017),21 18 52.50850(N),157 59 55.46034(W),21.3145856944,-157.9987389833,17.520,NAD 83,(PA11),2010.00,ADJUSTED,1.7,LMSL,,GPS OBS,15.190,GEOID12B,,,1.11,3.47,0.39,0.50,1.77,-0.20027240,,,,-5511604.790,-2226973.988,2303884.159,HI 3,16377.457,500130.830,+0 00 01.7,0.99998725,04,2357294.181,603844.184,+0 21 50.3,0.99973325,C,1973,19950807,GOOD,NOS,Y,DD = SURVEY DISK,7 = SET IN TOP OF CONCRETE MONUMENT,30188 1973
,20260103,http://www.ngs.noaa.gov/cgi-bin/ds_mark.prl?PidBox=TU0199,TU0199,303,,,,HI,MAUI,PUU O KALI (2017),20 48 33.     (N),156 25 41.     (W),20.8091666667,-156.4280555556,,NAD 83,(1986),,SCALED,92.359,LMSL,,ADJUSTED,16.260,GEOID12B,,,,,,,,,,2,1,,,,HI 2,52700.,524840.,,,,,,,,B,UNK,19990723,MARK NOT FOUND,USPSQD,,X = CHISELED CROSS,36 = SET IN A MASSIVE STRUCTURE,
,20260103,http://www.ngs.noaa.gov/cgi-bin/ds_mark.prl?PidBox=TU0237,TU0237,331,,,,HI,MAUI,WAILUKU (2017),20 53 08.81   (N),156 30 15.97   (W),20.8857805556,-156.5044361111,,NAD 83,(1986),,HD_HELD1,100.810,LMSL,,ADJUSTED,16.122,GEOID12B,,,,,,,,,,2,1,,,,HI 2,61169.0,516879.4,,,,,,,,C,UNK,20170207,GOOD,HIROTA,N,DD = SURVEY DISK,32 = SET IN A RETAINING WALL OR CONCRETE LEDGE,331
,20260103,http://www.ngs.noaa.gov/cgi-bin/ds_mark.prl?PidBox=TU2405,TU2405,3314,,,,HI,HAWAII,KAU DESERT (2017),19 21 02.76531(N),155 16 35.19262(W),19.3507681417,-155.2764423944,,NAD 83,(1993),1993.62,ADJUSTED,1010.1,LMSL,,VERT ANG,21.539,GEOID12B,,,,,,,,,2,,,,,,HI 1,57289.778,523488.332,+0 04 26.7,0.99981134,05,2141214.626,260861.756,-0 45 16.8,1.00030694,A,1920,1977,GOOD,NGS,,DD = SURVEY DISK,66 = SET IN ROCK OUTCROP,3314
,20260103,http://www.ngs.noaa.gov/cgi-bin/ds_mark.prl?PidBox=TU0690,TU0690,34,,,,HI,KAUAI,KEKAHA OE S (2017),21 59 21.     (N),159 43 37.     (W),21.9891666667,-159.7269444444,,NAD 83,(1986),,SCALED,10.125,LMSL,,ADJ UNCH,16.289,GEOID12B,,,,,,,,,,2,0,,,,HI 4,17270.,476560.,,,,,,,,B,UNK,19980813,GOOD,USPSQD,,DD = SURVEY DISK,36 = SET IN A MASSIVE STRUCTURE,34
,20260103,http://www.ngs.noaa.gov/cgi-bin/ds_mark.prl?PidBox=TU2342,TU2342,3440,,,,HI,HAWAII,MAKAOPUHI CRATER (2017),19 22 17.29928(N),155 12 19.38284(W),19.3714720222,-155.2053841222,,NAD 83,(1993),1993.62,ADJUSTED,1048.0,LMSL,,VERT ANG,20.619,GEOID12B,,,,,,,,,2,,,,,,HI 1,59592.758,530950.288,+0 05 51.8,0.99981055,05,2143410.062,268358.573,-0 43 54.6,1.00026331,A,1912,20080829,GOOD,GEOCAC,,DD = SURVEY DISK,66 = SET IN ROCK OUTCROP,3440 1912
,20260103,http://www.ngs.noaa.gov/cgi-bin/ds_mark.prl?PidBox=TU2796,TU2796,35 M 6845,,,,HI,MAUI,KILOHANA (2017),20 46 20.69467(N),156 14 41.46184(W),20.7724151861,-156.2448505111,,NAD 83,(1993),1993.62,ADJUSTED,2087.34,LMSL,,LEVELING,17.536,GEOID12B,,,,,,,,,2,3,,,,,HI 2,48667.030,543921.364,+0 08 58.6,0.99965977,04,2299407.887,786854.518,+0 58 40.1,1.00061704,,1950,1950,MONUMENTED,USGS,,,,
,20260103,http://www.ngs.noaa.gov/cgi-bin/ds_mark.prl?PidBox=TU0051,TU0051,359.3,,,,HI,HAWAII,MOUNTAIN VIEW (2017),19 37 17.     (N),155 02 24.     (W),19.6213888889,-155.0400000000,,NAD 83,(1986),,SCALED,109.522,LMSL,,ADJ UNCH,17.787,GEOID12B,,,,,,,,,,1,1,,,,HI 1,87300.,548250.,,,,,,,,A,UNK,1975,GOOD,NGS,,DD = SURVEY DISK,66 = SET IN ROCK OUTCROP,359.3
,20260103,http://www.ngs.noaa.gov/cgi-bin/ds_mark.prl?PidBox=TU1998,TU1998,3655,,,,HI,KAUAI,WAIMEA CANYON (2017),22 04 50.48315(N),159 39 59.08108(W),22.0806897639,-159.6664114111,,NAD 83,(1993),1993.62,ADJUSTED,1114.0,LMSL,,VERT ANG,16.975,GEOID12B,,,,,,,,,2,,,,,,HI 4,27398.804,482825.893,-0 03 45.2,0.99981592,04,2441908.528,431250.314,-0 15 01.9,0.99965840,A,1961,20190115,GOOD,MRIVER,Y,DD = SURVEY DISK,66 = SET IN ROCK OUTCROP,3655
,20260103,http://www.ngs.noaa.gov/cgi-bin/ds_mark.prl?PidBox=TU1431,TU1431,387,,,,HI,HONOLULU,PEARL HARBOR (2017),21 20 50.62269(N),157 57 56.21157(W),21.3473951917,-157.9656143250,,NAD 83,(1993),1993.62,ADJUSTED,3.,LMSL,,SCALED,15.415,GEOID12B,,,,,,,,,2,,,,,,HI 3,20010.521,503566.719,+0 00 45.1,0.99998727,04,2360948.065,607256.075,+0 22 35.7,0.99974215,B,1960,20030709,GOOD,GEOCAC,N,DD = SURVEY DISK,36 = SET IN A MASSIVE STRUCTURE,387
,20260103,http://www.ngs.noaa.gov/cgi-bin/ds_mark.prl?PidBox=TU0100,TU0100,3973,,,,HI,HAWAII,KILAUEA CRATER (2017),19 25 47.29198(N),155 15 32.23338(W),19.4298033278,-155.2589537167,,NAD 83,(1993),1993.62,ADJUSTED,1211.6,LMSL,,VERT ANG,22.645,GEOID12B,,,,,,,,,1,,,,,,HI 1,66040.956,525313.588,+0 04 48.7,0.99978060,05,2149941.287,262814.281,-0 45 06.5,1.00029544,C,1912,20240802,GOOD,INDIV,Y,DD = SURVEY DISK,35 = SET IN A MAT FOUNDATION OR CONCRETE SLAB OTHER THAN PAVEMENT,3973 1912
,20260103,http://www.ngs.noaa.gov/cgi-bin/ds_mark.prl?PidBox=TU0411,TU0411,4,,,,HI,HONOLULU,HONOLULU (2017),21 18 17.     (N),157 51 10.     (W),21.3047222222,-157.8527777778,,NAD 83,(1986),,SCALED,7.162,LMSL,,ADJUSTED,15.559,GEOID12B,,,,,,,,,,2,1,,,,HI 3,15290.,515280.,,,,,,,,D,UNK,1969,MARK NOT FOUND,CGS,,DD = SURVEY DISK,30 = SET IN A LIGHT STRUCTURE,
,20260103,http://www.ngs.noaa.gov/cgi-bin/ds_mark.prl?PidBox=TU0343,TU0343,4 1,,,,HI,HONOLULU,KOKO HEAD (2017),21 18 47.30291(N),157 39 40.71522(W),21.3131396972,-157.6613097833,,NAD 83,(1993),1993.62,ADJUSTED,15.095,LMSL,,ADJUSTED,15.337,GEOID12B,,,,,,,,,2,2,1,,,,HI 3,16255.105,535139.589,+0 07 23.2,1.00000047,04,2357393.932,638845.596,+0 29 11.9,0.99983822,A,1969,20160226,GOOD,GEOCAC,Y,DE = TRAVERSE STATION DISK,66 = SET IN ROCK OUTCROP,4-1 1969
,20260103,http://www.ngs.noaa.gov/cgi-bin/ds_mark.prl?PidBox=TU0363,TU0363,4 10,,,,HI,HONOLULU,MOKAPU POINT (2017),21 22 50.16520(N),157 45 20.55721(W),21.3806014444,-157.7557103361,54.329,NAD 83,(PA11),2010.00,ADJUSTED,37.650,LMSL,,ADJUSTED,15.963,GEOID12B,,,1.35,3.02,0.51,0.59,1.54,0.14125931,,2,1,-5499678.139,-2249337.896,2310705.463,HI 3,23706.440,525333.753,+0 05 20.6,0.99998939,04,2364781.479,628994.379,+0 27 13.3,0.99980562,C,1969,20160214,GOOD,GEOCAC,Y,DD = SURVEY DISK,7 = SET IN TOP OF CONCRETE MONUMENT,4-10 1969
,20260103,http://www.ngs.noaa.gov/cgi-bin/ds_mark.prl?PidBox=TU0366,TU0366,4 11,,,,HI,HONOLULU,HONOLULU (2017),21 22 37.60974(N),157 47 00.11912(W),21.3771138167,-157.7833664222,,NAD 83,(1993),1993.62,ADJUSTED,97.832,LMSL,,ADJUSTED,16.062,GEOID12B,,,,,,,,,2,2,1,,,,HI 3,23316.079,522466.235,+0 04 44.3,0.99997833,04,2364372.959,626129.965,+0 26 36.7,0.99979659,C,1969,20150721,GOOD,PAREN,N,DD = SURVEY DISK,7 = SET IN TOP OF CONCRETE MONUMENT,4-11 1969
,20260103,http://www.ngs.noaa.gov/cgi-bin/ds_mark.prl?PidBox=TU0369,TU0369,4 19,,,,HI,HONOLULU,KANEOHE (2017),21 24 10.80570(N),157 47 57.91100(W),21.4030015833,-157.7994197222,,NAD 83,(1993),1993.62,ADJUSTED,36.580,LMSL,,ADJUSTED,16.003,GEOID12B,,,,,,,,,2,2,1,,,,HI 3,26180.203,520797.744,+0 04 23.5,0.99998708,04,2367225.827,624443.614,+0 26 17.4,0.99979136,D,1969,20060315,SEE DESCRIPTION,HIDT,,DD = SURVEY DISK,31 = SET IN A PAVEMENT SUCH AS STREET SIDEWALK CURB ETC.,4-19 1969
,20260103,http://www.ngs.noaa.gov/cgi-bin/ds_mark.prl?PidBox=TU0351,TU0351,4 2,,,,HI,HONOLULU,KOKO HEAD (2017),21 19 48.37479(N),157 41 29.70928(W),21.3301041083,-157.6915859111,,NAD 83,(1993),1993.62,ADJUSTED,4.817,LMSL,,ADJUSTED,15.577,GEOID12B,,,,,,,,,2,2,1,,,,HI 3,18126.979,531994.698,+0 06 43.9,0.99999943,04,2359245.491,635689.427,+0 28 33.6,0.99982752,C,1969,20160207,GOOD,GEOCAC,N,DE = TRAVERSE STATION DISK,7 = SET IN TOP OF CONCRETE MONUMENT,4-2 1969
,20260103,http://www.ngs.noaa.gov/cgi-bin/ds_mark.prl?PidBox=TU0370,TU0370,4 23,,,,HI,HONOLULU,KANEOHE (2017),21 24 47.86159(N),157 48 00.37971(W),21.4132948861,-157.8001054750,,NAD 83,(1993),1993.62,ADJUSTED,19.644,LMSL,,ADJUSTED,15.956,GEOID12B,,,,,,,,,2,2,1,,,,HI 3,27319.804,520725.188,+0 04 22.7,0.99998971,04,2368364.711,624363.815,+0 26 17.3,0.99979112,B,1969,20060315,SEE DESCRIPTION,HIDT,,DD = SURVEY DISK,36 = SET IN A MASSIVE STRUCTURE,4-23 1969
,20260103,http://www.ngs.noaa.gov/cgi-bin/ds_mark.prl?PidBox=TU1111,TU1111,4 24 GROUCHO,,,,HI,HONOLULU,KANEOHE (2017),21 24 46.90413(N),157 49 20.29151(W),21.4130289250,-157.8223031972,,NAD 83,(1993),1993.62,ADJUSTED,135.,LMSL,,VERT ANG,16.002,GEOID12B,,,,,,,,,2,,,,,,HI 3,27287.588,518423.742,+0 03 53.6,0.99997046,04,2368317.838,622063.097,+0 25 48.1,0.99978411,C,1969,1975,GOOD,NGS,,DD = SURVEY DISK,7 = SET IN TOP OF CONCRETE MONUMENT,4-24 1969 = GROUCHO
,20260103,http://www.ngs.noaa.gov/cgi-bin/ds_mark.prl?PidBox=TU0373,TU0373,4 26,,,,HI,HONOLULU,KANEOHE (2017),21 25 38.59630(N),157 48 26.12000(W),21.4273878611,-157.8072555556,,NAD 83,(1993),1993.62,ADJUSTED,25.114,LMSL,,ADJUSTED,15.883,GEOID12B,,,,,,,,,2,2,1,,,,HI 3,28879.278,519981.944,+0 04 13.5,0.99998849,04,2369919.095,623610.799,+0 26 08.8,0.99978881,D,1969,20160216,GOOD,GEOCAC,Y,DD = SURVEY DISK,0 = UNSPECIFIED SETTING,4-26 1969
,20260103,http://www.ngs.noaa.gov/cgi-bin/ds_mark.prl?PidBox=TU0375,TU0375,4 27,,,,HI,HONOLULU,KANEOHE (2017),21 26 38.90771(N),157 48 35.21305(W),21.4441410306,-157.8097814028,,NAD 83,(1993),1993.62,ADJUSTED,1.229,LMSL,,ADJUSTED,15.763,GEOID12B,,,,,,,,,2,2,1,,,,HI 3,30733.904,519717.836,+0 04 10.4,0.99999213,04,2371771.616,623334.922,+0 26 06.7,0.99978797,C,1969,20060315,SEE DESCRIPTION,HIDT,,DD = SURVEY DISK,7 = SET IN TOP OF CONCRETE MONUMENT,4-27 1969
,20260103,http://www.ngs.noaa.gov/cgi-bin/ds_mark.prl?PidBox=TU0383,TU0383,4 29,,,,HI,HONOLULU,KANEOHE (2017),21 29 44.23485(N),157 51 06.12386(W),21.4956207917,-157.8517010722,,NAD 83,(1993),1993.62,ADJUSTED,13.795,LMSL,,ADJUSTED,15.434,GEOID12B,,,,,,,,,2,2,1,,,,HI 3,36429.171,515367.085,+0 03 15.6,0.99998833,04,2377437.766,618948.804,+0 25 15.0,0.99977483,C,1969,20060315,MARK NOT FOUND,HIDT,,DD = SURVEY DISK,7 = SET IN TOP OF CONCRETE MONUMENT,4-29 1969
,20260103,http://www.ngs.noaa.gov/cgi-bin/ds_mark.prl?PidBox=TU0479,TU0479,4 30,,,,HI,HONOLULU,KAHANA (2017),21 31 21.37165(N),157 50 06.68122(W),21.5226032361,-157.8351892278,,NAD 83,(1993),1993.62,ADJUSTED,1.501,LMSL,,ADJUSTED,15.008,GEOID12B,,,,,,,,,2,2,1,,,,HI 3,39418.460,517074.933,+0 03 37.7,0.99999101,04,2380437.276,620637.122,+0 25 38.6,0.99977983,C,1969,20060315,MARK NOT FOUND,HIDT,,DD = SURVEY DISK,7 = SET IN TOP OF CONCRETE MONUMENT,4-30 1969
,20260103,http://www.ngs.noaa.gov/cgi-bin/ds_mark.prl?PidBox=TU0379,TU0379,4 32,,,,HI,HONOLULU,KANEOHE (2017),21 27 35.26601(N),157 50 28.89859(W),21.4597961139,-157.8413607194,,NAD 83,(1993),1993.62,ADJUSTED,1.948,LMSL,,ADJUSTED,15.719,GEOID12B,,,,,,,,,2,2,1,,,,HI 3,32463.625,516442.600,+0 03 28.9,0.99999056,04,2373480.033,620049.403,+0 25 26.2,0.99977809,D,1969,20150317,GOOD,GEOCAC,Y,DD = SURVEY DISK,31 = SET IN A PAVEMENT SUCH AS STREET SIDEWALK CURB ETC.,4-32 1969
,20260103,http://www.ngs.noaa.gov/cgi-bin/ds_mark.prl?PidBox=TU0355,TU0355,4 6 SS,,,,HI,HONOLULU,KOKO HEAD (2017),21 20 52.86890(N),157 43 19.37694(W),21.3480191389,-157.7220491500,,NAD 83,(1993),1993.62,ADJUSTED,6.433,LMSL,,ADJUSTED,15.795,GEOID12B,,,,,,,,,2,2,1,,,,HI 3,20104.673,528830.939,+0 06 04.3,0.99999678,04,2361202.697,632513.738,+0 27 55.0,0.99981699,C,1969,20060624,SEE DESCRIPTION,HIDT,,DD = SURVEY DISK,7 = SET IN TOP OF CONCRETE MONUMENT,4-6 1969
,20260103,http://www.ngs.noaa.gov/cgi-bin/ds_mark.prl?PidBox=TU0880,TU0880,4 UHI,,,,HI,MAUI,MAKENA OE S (2017),20 35 00.     (N),156 24 44.     (W),20.5833333333,-156.4122222222,,NAD 83,(1986),,SCALED,11.297,LMSL,,ADJUSTED,16.199,GEOID12B,,,,,,,,,,2,1,,,,HI 2,27700.,526530.,,,,,,,,B,1977,19790605,GOOD,NGS,,DB = BENCH MARK DISK,34 = SET IN THE FOOTINGS OF SMALL/MEDIUM STRUCTURES,4
,20260103,http://www.ngs.noaa.gov/cgi-bin/ds_mark.prl?PidBox=TU2382,TU2382,4088,,,,HI,HAWAII,KILAUEA CRATER (2017),19 25 15.95090(N),155 17 12.34476(W),19.4210974722,-155.2867624333,,NAD 83,(1993),1993.62,ADJUSTED,1246.8,LMSL,,VERT ANG,23.072,GEOID12B,,,,,,,,,1,,,,,,HI 1,65073.418,522394.424,+0 04 15.3,0.99977328,05,2149015.924,259880.410,-0 45 38.6,1.00031275,C,1912,20110104,GOOD,GEOCAC,Y,DB = BENCH MARK DISK,80 = SET IN A BOULDER,4088 1912
,20260103,http://www.ngs.noaa.gov/cgi-bin/ds_mark.prl?PidBox=TU2424,TU2424,4089,,,,HI,HAWAII,WOOD VALLEY (2017),19 21 55.02104(N),155 25 15.18740(W),19.3652836222,-155.4208853889,,NAD 83,(1993),1993.62,ADJUSTED,1246.90,LMSL,,LEVELING,24.394,GEOID12B,,,,,,,,,2,3,,,,,HI 1,58883.255,508311.516,+0 01 34.4,0.99976772,05,2143028.231,245703.787,-0 48 11.4,1.00039941,A,UNK,1949,GOOD,CGS,,DD = SURVEY DISK,66 = SET IN ROCK OUTCROP,4089
,20260103,http://www.ngs.noaa.gov/cgi-bin/ds_mark.prl?PidBox=TU0172,TU0172,5,,,,HI,MAUI,WAILUKU (2017),20 53 38.     (N),156 28 02.     (W),20.8938888889,-156.4672222222,,NAD 83,(1986),,SCALED,2.305,LMSL,,ADJUSTED,15.789,GEOID12B,,,,,,,,,,2,1,,,,HI 2,62070.,520750.,,,,,,,,D,UNK,19990725,MARK NOT FOUND,USPSQD,,X = CHISELED CROSS,0 = UNSPECIFIED SETTING,
,20260103,http://www.ngs.noaa.gov/cgi-bin/ds_mark.prl?PidBox=TU0412,TU0412,5,,,,HI,HONOLULU,HONOLULU (2017),21 17 59.     (N),157 50 39.     (W),21.2997222222,-157.8441666667,,NAD 83,(1986),,SCALED,5.635,LMSL,,ADJUSTED,15.556,GEOID12B,,,,,,,,,,2,1,,,,HI 3,14740.,516170.,,,,,,,,C,UNK,20060315,GOOD,HIDT,,Z = SEE DESCRIPTION,7 = SET IN TOP OF CONCRETE MONUMENT,
,20260103,http://www.ngs.noaa.gov/cgi-bin/ds_mark.prl?PidBox=TU0483,TU0483,5 1 A,,,,HI,HONOLULU,KAHANA (2017),21 33 24.8    (N),157 51 16.2    (W),21.5568888889,-157.8545000000,,NAD 83,(1986),,HD_HELD2,4.324,LMSL,,ADJUSTED,14.660,GEOID12B,,,,,,,,,,2,1,,,,HI 3,43213.,515071.,,,,,,,,C,1969,20150723,GOOD,PAREN,Y,DD = SURVEY DISK,7 = SET IN TOP OF CONCRETE MONUMENT,5-1A 1969
,20260103,http://www.ngs.noaa.gov/cgi-bin/ds_mark.prl?PidBox=TU0510,TU0510,5 10,,,,HI,HONOLULU,KAHUKU (2017),21 41 51.55616(N),157 59 31.64795(W),21.6976544889,-157.9921244306,,NAD 83,(1993),1993.62,ADJUSTED,4.257,LMSL,,ADJUSTED,13.112,GEOID12B,,,,,,,,,2,2,1,,,,HI 3,58791.836,500814.953,+0 00 10.5,0.99998728,04,2399701.201,604256.780,+0 22 21.6,0.99973431,C,1969,20220425,MARK NOT FOUND,HIROTA,Y,DD = SURVEY DISK,7 = SET IN TOP OF CONCRETE MONUMENT,5-10 1969
,20260103,http://www.ngs.noaa.gov/cgi-bin/ds_mark.prl?PidBox=DR2259,DR2259,5 10 RESET,,,,HI,HONOLULU,KAHUKU (2017),21 41 51.53   (N),157 59 30.03   (W),21.6976472222,-157.9916750000,,NAD 83,(1986),,HD_HELD1,3.724,LMSL,,ADJUSTED,13.111,GEOID12B,,,,,,,,,,2,1,,,,HI 3,58791.0,500861.5,,,,,,,,C,20160322,20220425,GOOD,HIROTA,Y,DD = SURVEY DISK,7 = SET IN TOP OF CONCRETE MONUMENT,5 10 RESET 2016
,20260103,http://www.ngs.noaa.gov/cgi-bin/ds_mark.prl?PidBox=TU0513,TU0513,5 11,,,,HI,HONOLULU,KAHUKU (2017),21 41 34.77773(N),158 01 09.33868(W),21.6929938139,-158.0192607444,,NAD 83,(1993),1993.62,ADJUSTED,4.421,LMSL,,ADJUSTED,13.237,GEOID12B,,,,,,,,,2,2,1,,,,HI 3,58275.886,498006.862,-0 00 25.6,0.99998727,04,2399167.280,601452.804,+0 21 45.2,0.99972718,C,1969,20220425,GOOD,HIROTA,Y,DB = BENCH MARK DISK,7 = SET IN TOP OF CONCRETE MONUMENT,5-11 1969
,20260103,http://www.ngs.noaa.gov/cgi-bin/ds_mark.prl?PidBox=TU0515,TU0515,5 11 A,,,,HI,HONOLULU,KAHUKU (2017),21 41 16.     (N),158 01 20.     (W),21.6877777778,-158.0222222222,,NAD 83,(1986),,SCALED,7.487,LMSL,,ADJUSTED,13.329,GEOID12B,,,,,,,,,,2,1,,,,HI 3,57700.,497700.,,,,,,,,C,1969,20220426,MARK NOT FOUND,HIROTA,,DD = SURVEY DISK,7 = SET IN TOP OF CONCRETE MONUMENT,5-11 A 1969
,20260103,http://www.ngs.noaa.gov/cgi-bin/ds_mark.prl?PidBox=TU0487,TU0487,5 2 A,,,,HI,HONOLULU,KAHANA (2017),21 34 36.4    (N),157 52 54.9    (W),21.5767777778,-157.8819166667,,NAD 83,(1986),,HD_HELD2,1.399,LMSL,,ADJUSTED,14.572,GEOID12B,,,,,,,,,,2,1,,,,HI 3,45412.,512229.,,,,,,,,C,1969,20160220,GOOD,GEOCAC,Y,DD = SURVEY DISK,7 = SET IN TOP OF CONCRETE MONUMENT,5-2A 1969
,20260103,http://www.ngs.noaa.gov/cgi-bin/ds_mark.prl?PidBox=TU0488,TU0488,5 3,,,,HI,HONOLULU,KAHANA (2017),21 35 09.68780(N),157 53 15.28089(W),21.5860243889,-157.8875780250,,NAD 83,(1993),1993.62,ADJUSTED,1.936,LMSL,,ADJUSTED,14.470,GEOID12B,,,,,,,,,2,2,1,,,,HI 3,46435.846,511642.215,+0 02 28.9,0.99998909,04,2387418.137,615160.723,+0 24 33.5,0.99976387,C,1969,20150814,GOOD,PAREN,N,DD = SURVEY DISK,7 = SET IN TOP OF CONCRETE MONUMENT,5-3 1969
,20260103,http://www.ngs.noaa.gov/cgi-bin/ds_mark.prl?PidBox=TU0490,TU0490,5 4,,,,HI,HONOLULU,KAHANA (2017),21 36 11.01342(N),157 53 55.98648(W),21.6030592833,-157.8988851333,,NAD 83,(1993),1993.62,ADJUSTED,2.283,LMSL,,ADJUSTED,14.281,GEOID12B,,,,,,,,,2,2,1,,,,HI 3,48321.212,510470.045,+0 02 14.0,0.99998875,04,2389295.504,613976.737,+0 24 19.6,0.99976052,C,1969,20160220,GOOD,GEOCAC,Y,DD = SURVEY DISK,7 = SET IN TOP OF CONCRETE MONUMENT,5-4 1969
,20260103,http://www.ngs.noaa.gov/cgi-bin/ds_mark.prl?PidBox=TU0492,TU0492,5 5,,,,HI,HONOLULU,HAUULA (2017),21 36 47.38731(N),157 54 43.36374(W),21.6131631417,-157.9120454833,,NAD 83,(1993),1993.62,ADJUSTED,2.280,LMSL,,ADJUSTED,14.213,GEOID12B,,,,,,,,,2,2,1,,,,HI 3,49439.124,509106.710,+0 01 56.6,0.99998843,04,2390404.371,612606.562,+0 24 02.8,0.99975668,C,1969,20160220,GOOD,GEOCAC,Y,DD = SURVEY DISK,7 = SET IN TOP OF CONCRETE MONUMENT,5-5 1969
,20260103,http://www.ngs.noaa.gov/cgi-bin/ds_mark.prl?PidBox=TU0496,TU0496,5 6,,,,HI,HONOLULU,KAHUKU (2017),21 37 59.43987(N),157 55 16.55057(W),21.6331777417,-157.9212640472,,NAD 83,(1993),1993.62,ADJUSTED,3.501,LMSL,,ADJUSTED,13.929,GEOID12B,,,,,,,,,2,2,1,,,,HI 3,51654.713,508151.108,+0 01 44.5,0.99998808,04,2392613.247,611636.957,+0 23 51.8,0.99975400,C,1969,20160220,GOOD,GEOCAC,Y,DD = SURVEY DISK,7 = SET IN TOP OF CONCRETE MONUMENT,5-6 1969
,20260103,http://www.ngs.noaa.gov/cgi-bin/ds_mark.prl?PidBox=TU0501,TU0501,5 7,,,,HI,HONOLULU,KAHUKU (2017),21 39 24.72497(N),157 55 51.07914(W),21.6568680472,-157.9308553167,,NAD 83,(1993),1993.62,ADJUSTED,3.589,LMSL,,ADJUSTED,13.563,GEOID12B,,,,,,,,,2,2,1,,,,HI 3,54277.337,507157.007,+0 01 31.9,0.99998793,04,2395228.793,610626.233,+0 23 40.6,0.99975122,C,1969,20160220,POOR,GEOCAC,,DD = SURVEY DISK,7 = SET IN TOP OF CONCRETE MONUMENT,5-7 1969
,20260103,http://www.ngs.noaa.gov/cgi-bin/ds_mark.prl?PidBox=TU0506,TU0506,5 8,,,,HI,HONOLULU,KAHUKU (2017),21 40 34.88441(N),157 56 50.72450(W),21.6763567806,-157.9474234722,,NAD 83,(1993),1993.62,ADJUSTED,2.653,LMSL,,ADJUSTED,13.316,GEOID12B,,,,,,,,,2,2,1,,,,HI 3,56434.550,505441.344,+0 01 09.9,0.99998786,04,2397374.386,608897.121,+0 23 19.8,0.99974653,C,1969,20060607,MARK NOT FOUND,HIDT,,DD = SURVEY DISK,7 = SET IN TOP OF CONCRETE MONUMENT,5-8 1969
,20260103,http://www.ngs.noaa.gov/cgi-bin/ds_mark.prl?PidBox=TU0508,TU0508,5 9 A,,,,HI,HONOLULU,KAHUKU (2017),21 41 24.     (N),157 58 04.     (W),21.6900000000,-157.9677777778,,NAD 83,(1986),,SCALED,5.580,LMSL,,ADJUSTED,13.168,GEOID12B,,,,,,,,,,2,1,,,,HI 3,57950.,503330.,,,,,,,,C,1969,20060607,MARK NOT FOUND,HIDT,,DD = SURVEY DISK,7 = SET IN TOP OF CONCRETE MONUMENT,5-9 A 1969
,20260103,http://www.ngs.noaa.gov/cgi-bin/ds_mark.prl?PidBox=TU0507,TU0507,5 9 SS,,,,HI,HONOLULU,KAHUKU (2017),21 41 01.77223(N),157 57 37.99057(W),21.6838256194,-157.9605529361,,NAD 83,(1993),1993.62,ADJUSTED,7.124,LMSL,,ADJUSTED,13.249,GEOID12B,,,,,,,,,2,2,1,,,,HI 3,57261.133,504082.316,+0 00 52.5,0.99998701,04,2398191.988,607533.126,+0 23 02.7,0.99974288,C,1969,20220425,GOOD,HIROTA,,DD = SURVEY DISK,7 = SET IN TOP OF CONCRETE MONUMENT,5-9 1969
,20260103,http://www.ngs.noaa.gov/cgi-bin/ds_mark.prl?PidBox=TU0029,TU0029,5.79,,,,HI,HAWAII,HILO (2017),19 43 33.41997(N),155 04 16.11496(W),19.7259499917,-155.0711430444,,NAD 83,(1993),1993.62,ADJUSTED,1.721,LMSL,,ADJ UNCH,17.938,GEOID12B,,,,,,,,,2,1,1,,,,HI 1,98862.096,544954.614,+0 08 41.1,0.99998855,05,2182479.969,282938.391,-0 41 57.6,1.00018240,C,1910,20110624,GOOD,GEOCAC,Y,DD = SURVEY DISK,7 = SET IN TOP OF CONCRETE MONUMENT,5.79 1910
,20260103,http://www.ngs.noaa.gov/cgi-bin/ds_mark.prl?PidBox=TU0030,TU0030,5.83,,,,HI,HAWAII,HILO (2017),19 43 31.41   (N),155 04 16.38   (W),19.7253916667,-155.0712166667,,NAD 83,(1986),,HD_HELD1,1.804,LMSL,,ADJ UNCH,17.943,GEOID12B,,,,,,,,,,1,1,,,,HI 1,98800.3,544947.1,,,,,,,,C,1910,20110624,GOOD,GEOCAC,Y,DB = BENCH MARK DISK,32 = SET IN A RETAINING WALL OR CONCRETE LEDGE,5.83 1910
,20260103,http://www.ngs.noaa.gov/cgi-bin/ds_mark.prl?PidBox=TU2320,TU2320,51209 1977,,,,HI,HAWAII,MAUNA KEA (2017),19 49 25.50931(N),155 28 08.65790(W),19.8237525861,-155.4690716389,,NAD 83,(1993),1993.62,ADJUSTED,4198.0,LMSL,,VERT ANG,26.295,GEOID12B,,,,,,,,,2,,,,,,HI 1,109632.139,503240.042,+0 00 37.8,0.99930323,05,2193868.587,241373.900,-0 50 16.1,1.00042682,,1977,20051010,GOOD,USPSQD,Y,DO = NOT SPECIFIED OR SEE DESCRIPTION,7 = SET IN TOP OF CONCRETE MONUMENT,
,20260103,http://www.ngs.noaa.gov/cgi-bin/ds_mark.prl?PidBox=TU0173,TU0173,6,,,,HI,MAUI,WAILUKU (2017),20 53 38.     (N),156 28 03.     (W),20.8938888889,-156.4675000000,,NAD 83,(1986),,SCALED,0.936,LMSL,,ADJUSTED,15.791,GEOID12B,,,,,,,,,,2,1,,,,HI 2,62070.,520720.,,,,,,,,B,UNK,1980,MARK NOT FOUND,LOCSUR,,Z = SEE DESCRIPTION,36 = SET IN A MASSIVE STRUCTURE,
,20260103,http://www.ngs.noaa.gov/cgi-bin/ds_mark.prl?PidBox=TU0415,TU0415,6,,,,HI,HONOLULU,HONOLULU (2017),21 17 42.     (N),157 49 29.     (W),21.2950000000,-157.8247222222,,NAD 83,(1986),,SCALED,3.259,LMSL,,ADJUSTED,15.591,GEOID12B,,,,,,,,,,2,1,,,,HI 3,14220.,518190.,,,,,,,,C,UNK,20060315,SEE DESCRIPTION,HIDT,,DD = SURVEY DISK,7 = SET IN TOP OF CONCRETE MONUMENT,
,20260103,http://www.ngs.noaa.gov/cgi-bin/ds_mark.prl?PidBox=TU0524,TU0524,6 1,,,,HI,HONOLULU,HALEIWA (2017),21 37 12.86266(N),158 05 00.73704(W),21.6202396278,-158.0835380667,,NAD 83,(1993),1993.62,ADJUSTED,6.338,LMSL,,ADJUSTED,14.253,GEOID12B,,,,,,,,,2,2,1,,,,HI 3,50222.410,491350.986,-0 01 50.8,0.99998768,04,2391073.295,594850.734,+0 20 15.7,0.99971117,,1969,20181029,MARK NOT FOUND,INDIV,,,,6-1 1969
,20260103,http://www.ngs.noaa.gov/cgi-bin/ds_mark.prl?PidBox=TU0523,TU0523,6 1 A,,,,HI,HONOLULU,HALEIWA (2017),21 37 35.6    (N),158 04 28.5    (W),21.6265555556,-158.0745833333,,NAD 83,(1986),,HD_HELD2,6.667,LMSL,,ADJUSTED,14.185,GEOID12B,,,,,,,,,,2,1,,,,HI 3,50921.,492278.,,,,,,,,C,1969,20160220,GOOD,GEOCAC,Y,DD = SURVEY DISK,7 = SET IN TOP OF CONCRETE MONUMENT,6-1A 1969
,20260103,http://www.ngs.noaa.gov/cgi-bin/ds_mark.prl?PidBox=TU0541,TU0541,6 10,,,,HI,HONOLULU,HALEIWA (2017),21 33 43.15108(N),158 06 47.21724(W),21.5619864111,-158.1131159000,,NAD 83,(1993),1993.62,ADJUSTED,21.437,LMSL,,ADJUSTED,14.980,GEOID12B,,,,,,,,,2,2,1,,,,HI 3,43774.326,488283.991,-0 02 29.7,0.99998598,04,2384607.479,591826.076,+0 19 33.5,0.99970419,C,1969,20150709,GOOD,HIROTA,Y,DD = SURVEY DISK,7 = SET IN TOP OF CONCRETE MONUMENT,6-10 1969
,20260103,http://www.ngs.noaa.gov/cgi-bin/ds_mark.prl?PidBox=DR2159,DR2159,6 10A,,,,HI,HONOLULU,HALEIWA (2017),21 33 58.8    (N),158 07 21.3    (W),21.5663333333,-158.1225833333,,NAD 83,(1986),,HD_HELD2,5.702,LMSL,,ADJUSTED,14.915,GEOID12B,,,,,,,,,,2,1,,,,HI 3,44256.,487304.,,,,,,,,C,1972,20150708,GOOD,HIROTA,Y,DD = SURVEY DISK,7 = SET IN TOP OF CONCRETE MONUMENT,6 10A 1972
,20260103,http://www.ngs.noaa.gov/cgi-bin/ds_mark.prl?PidBox=TU0542,TU0542,6 11,,,,HI,HONOLULU,HALEIWA (2017),21 34 03.75941(N),158 07 41.37367(W),21.5677109472,-158.1281593528,,NAD 83,(1993),1993.62,ADJUSTED,13.041,LMSL,,ADJUSTED,14.891,GEOID12B,,,,,,,,,2,2,1,,,,HI 3,44409.372,486726.381,-0 02 49.6,0.99998779,04,2385232.339,590264.876,+0 19 13.8,0.99970068,C,1969,20150708,GOOD,HIROTA,Y,DD = SURVEY DISK,7 = SET IN TOP OF CONCRETE MONUMENT,6-11 1969
,20260103,http://www.ngs.noaa.gov/cgi-bin/ds_mark.prl?PidBox=TU0555,TU0555,6 12 A,,,,HI,HONOLULU,KAENA (2017),21 34 43.     (N),158 13 28.     (W),21.5786111111,-158.2244444444,,NAD 83,(1986),,SCALED,4.409,LMSL,,ADJUSTED,14.548,GEOID12B,,,,,,,,,,2,1,,,,HI 3,45630.,476760.,,,,,,,,C,1969,20060605,MARK NOT FOUND,HIDT,,DD = SURVEY DISK,7 = SET IN TOP OF CONCRETE MONUMENT,6-12A 1969
,20260103,http://www.ngs.noaa.gov/cgi-bin/ds_mark.prl?PidBox=TU0561,TU0561,6 13,,,,HI,HONOLULU,KAENA (2017),21 34 44.38011(N),158 15 04.28934(W),21.5789944750,-158.2511914833,,NAD 83,(1993),1993.62,ADJUSTED,12.614,LMSL,,ADJUSTED,14.409,GEOID12B,,,,,,,,,2,2,1,,,,HI 3,45674.239,473985.764,-0 05 32.6,0.99999411,04,2386415.050,577520.327,+0 16 31.5,0.99967425,C,1969,20130516,GOOD,GEOCAC,Y,DD = SURVEY DISK,80 = SET IN A BOULDER,6-13 1969
,20260103,http://www.ngs.noaa.gov/cgi-bin/ds_mark.prl?PidBox=TU0539,TU0539,6 14,,,,HI,HONOLULU,HALEIWA (2017),21 34 08.4    (N),158 06 33.3    (W),21.5690000000,-158.1092500000,,NAD 83,(1986),,HD_HELD2,16.750,LMSL,,ADJUSTED,14.897,GEOID12B,,,,,,,,,,2,1,,,,HI 3,44551.,488685.,,,,,,,,C,1969,20150723,GOOD,HIROTA,Y,DD = SURVEY DISK,7 = SET IN TOP OF CONCRETE MONUMENT,6-14 1969
,20260103,http://www.ngs.noaa.gov/cgi-bin/ds_mark.prl?PidBox=TU0537,TU0537,6 15,,,,HI,HONOLULU,HALEIWA (2017),21 34 32.92657(N),158 06 22.93314(W),21.5758129361,-158.1063703167,,NAD 83,(1993),1993.62,ADJUSTED,14.245,LMSL,,ADJUSTED,14.814,GEOID12B,,,,,,,,,2,2,1,,,,HI 3,45304.756,488983.712,-0 02 20.8,0.99998693,04,2386141.927,592515.765,+0 19 43.1,0.99970576,C,1969,20150125,GOOD,GEOCAC,Y,DD = SURVEY DISK,7 = SET IN TOP OF CONCRETE MONUMENT,6-15 1969
,20260103,http://www.ngs.noaa.gov/cgi-bin/ds_mark.prl?PidBox=TU0538,TU0538,6 15 A,,,,HI,HONOLULU,HALEIWA (2017),21 34 23.     (N),158 06 27.     (W),21.5730555556,-158.1075000000,,NAD 83,(1986),,SCALED,15.439,LMSL,,ADJUSTED,14.848,GEOID12B,,,,,,,,,,2,1,,,,HI 3,45000.,488870.,,,,,,,,D,1969,20060607,GOOD,HIDT,,DD = SURVEY DISK,0 = UNSPECIFIED SETTING,6-15 A 1969
,20260103,http://www.ngs.noaa.gov/cgi-bin/ds_mark.prl?PidBox=TU0529,TU0529,6 2,,,,HI,HONOLULU,HALEIWA (2017),21 36 41.27742(N),158 05 33.27821(W),21.6114659500,-158.0925772806,,NAD 83,(1993),1993.62,ADJUSTED,2.624,LMSL,,ADJUSTED,14.358,GEOID12B,,,,,,,,,2,2,1,,,,HI 3,49251.482,490414.542,-0 02 02.7,0.99998846,04,2390096.640,593920.815,+0 20 03.3,0.99970900,C,1969,20160220,GOOD,GEOCAC,Y,DD = SURVEY DISK,7 = SET IN TOP OF CONCRETE MONUMENT,6-2 1969
,20260103,http://www.ngs.noaa.gov/cgi-bin/ds_mark.prl?PidBox=TU0531,TU0531,6 2 B,,,,HI,HONOLULU,HALEIWA (2017),21 36 01.1    (N),158 06 06.2    (W),21.6003055556,-158.1017222222,,NAD 83,(1986),,HD_HELD2,2.095,LMSL,,ADJUSTED,14.496,GEOID12B,,,,,,,,,,2,1,,,,HI 3,48016.,489467.,,,,,,,,C,1969,20150824,GOOD,PAREN,Y,DD = SURVEY DISK,7 = SET IN TOP OF CONCRETE MONUMENT,6-2B 6-2B 1969
,20260103,http://www.ngs.noaa.gov/cgi-bin/ds_mark.prl?PidBox=TU1518,TU1518,6 5,,,,HI,HONOLULU,HALEIWA (2017),21 33 40.03075(N),158 04 07.24673(W),21.5611196528,-158.0686796472,,NAD 83,(1993),1993.62,ADJUSTED,197.823,LMSL,,ADJUSTED,15.053,GEOID12B,,,,,,,,,2,2,1,,,,HI 3,43675.672,492886.448,-0 01 30.9,0.99995717,04,2384538.369,596427.774,+0 20 32.2,0.99971489,C,1969,20150709,GOOD,HIROTA,Y,DD = SURVEY DISK,7 = SET IN TOP OF CONCRETE MONUMENT,6-5
,20260103,http://www.ngs.noaa.gov/cgi-bin/ds_mark.prl?PidBox=TU1513,TU1513,6 6,,,,HI,HONOLULU,HALEIWA (2017),21 32 54.01248(N),158 02 46.38484(W),21.5483368000,-158.0462180111,,NAD 83,(1993),1993.62,ADJUSTED,291.,LMSL,,VERT ANG,15.222,GEOID12B,,,,,,,,,2,,,,,,HI 3,42259.456,495212.512,-0 01 01.1,0.99994215,04,2383137.481,598762.235,+0 21 01.2,0.99972053,C,1969,20140427,POOR,GEOCAC,,DD = SURVEY DISK,7 = SET IN TOP OF CONCRETE MONUMENT,6-6 1969
,20260103,http://www.ngs.noaa.gov/cgi-bin/ds_mark.prl?PidBox=TU1511,TU1511,6 7,,,,HI,HONOLULU,HALEIWA (2017),21 31 51.09453(N),158 02 25.33829(W),21.5308595917,-158.0403717472,,NAD 83,(1993),1993.62,ADJUSTED,306.,LMSL,,VERT ANG,15.383,GEOID12B,,,,,,,,,2,,,,,,HI 3,40324.158,495817.596,-0 00 53.3,0.99993971,04,2381206.620,599379.543,+0 21 08.0,0.99972204,C,1969,1969,MONUMENTED,CGS,,DD = SURVEY DISK,7 = SET IN TOP OF CONCRETE MONUMENT,6-7 1969
,20260103,http://www.ngs.noaa.gov/cgi-bin/ds_mark.prl?PidBox=DR2158,DR2158,6 7A,,,,HI,HONOLULU,HALEIWA (2017),21 31 28.8    (N),158 02 18.2    (W),21.5246666667,-158.0383888889,,NAD 83,(1986),,HD_HELD2,296.820,LMSL,,ADJUSTED,15.430,GEOID12B,,,,,,,,,,2,1,,,,HI 3,39638.,496023.,,,,,,,,C,1973,20150709,GOOD,HIROTA,Y,DD = SURVEY DISK,7 = SET IN TOP OF CONCRETE MONUMENT,6-7A 1973
,20260103,http://www.ngs.noaa.gov/cgi-bin/ds_mark.prl?PidBox=TU0590,TU0590,6 8,,,,HI,HONOLULU,HALEIWA (2017),21 31 07.81955(N),158 04 08.08603(W),21.5188387639,-158.0689127861,,NAD 83,(1993),1993.62,ADJUSTED,289.655,LMSL,,ADJUSTED,15.477,GEOID12B,,,,,,,,,2,2,1,,,,HI 3,38994.213,492860.233,-0 01 31.0,0.99994267,04,2379858.129,596431.560,+0 20 29.6,0.99971490,C,1969,20060607,MARK NOT FOUND,HIDT,,DD = SURVEY DISK,7 = SET IN TOP OF CONCRETE MONUMENT,6-8 1969
,20260103,http://www.ngs.noaa.gov/cgi-bin/ds_mark.prl?PidBox=TU0591,TU0591,6 9,,,,HI,HONOLULU,HALEIWA (2017),21 31 35.93604(N),158 04 39.38239(W),21.5266489000,-158.0776062194,,NAD 83,(1993),1993.62,ADJUSTED,279.471,LMSL,,ADJUSTED,15.413,GEOID12B,,,,,,,,,2,2,1,,,,HI 3,39859.396,491959.972,-0 01 42.5,0.99994446,04,2380717.292,595526.027,+0 20 18.5,0.99971276,C,1969,20150709,GOOD,HIROTA,,DD = SURVEY DISK,7 = SET IN TOP OF CONCRETE MONUMENT,6-9 1969
,20260103,http://www.ngs.noaa.gov/cgi-bin/ds_mark.prl?PidBox=DR2147,DR2147,6 9E,,,,HI,HONOLULU,HALEIWA (2017),21 32 20.4    (N),158 05 27.3    (W),21.5390000000,-158.0909166667,,NAD 83,(1986),,HD_HELD2,210.223,LMSL,,ADJUSTED,15.284,GEOID12B,,,,,,,,,,2,1,,,,HI 3,41228.,490582.,,,,,,,,C,1973,20150708,GOOD,HIROTA,N,DD = SURVEY DISK,7 = SET IN TOP OF CONCRETE MONUMENT,6-9E 1973
,20260103,http://www.ngs.noaa.gov/cgi-bin/ds_mark.prl?PidBox=DR2148,DR2148,6 9G,,,,HI,HONOLULU,HALEIWA (2017),21 32 49.     (N),158 06 00.     (W),21.5469444444,-158.1000000000,,NAD 83,(1986),,SCALED,147.326,LMSL,,ADJUSTED,15.183,GEOID12B,,,,,,,,,,2,1,,,,HI 3,42110.,489640.,,,,,,,,C,1973,20150708,GOOD,HIROTA,Y,DD = SURVEY DISK,7 = SET IN TOP OF CONCRETE MONUMENT,6-9G 1973
,20260103,http://www.ngs.noaa.gov/cgi-bin/ds_mark.prl?PidBox=DR2150,DR2150,6 9J,,,,HI,HONOLULU,HALEIWA (2017),21 33 33.0    (N),158 06 29.5    (W),21.5591666667,-158.1081944444,,NAD 83,(1986),,HD_HELD2,39.258,LMSL,,ADJUSTED,15.022,GEOID12B,,,,,,,,,,2,1,,,,HI 3,43462.,488794.,,,,,,,,C,1973,20150708,GOOD,HIROTA,Y,DD = SURVEY DISK,7 = SET IN TOP OF CONCRETE MONUMENT,6-9J 1973
,20260103,http://www.ngs.noaa.gov/cgi-bin/ds_mark.prl?PidBox=TU1573,TU1573,60 A,,,,HI,HONOLULU,KAENA (2017),21 32 50.87723(N),158 14 26.02245(W),21.5474658972,-158.2405617917,,NAD 83,(1993),1993.62,ADJUSTED,5.890,LMSL,,ADJUSTED,14.673,GEOID12B,,,,,,,,,3,2,1,,,,HI 3,42181.530,475081.228,-0 05 18.1,0.99999444,04,2382930.565,578637.814,+0 16 44.2,0.99967641,C,1958,20160311,GOOD,GEOCAC,Y,DD = SURVEY DISK,7 = SET IN TOP OF CONCRETE MONUMENT,60 A 1958
,20260103,http://www.ngs.noaa.gov/cgi-bin/ds_mark.prl?PidBox=TU0314,TU0314,7,,,,HI,HONOLULU,HONOLULU (2017),21 16 14.     (N),157 49 21.     (W),21.2705555556,-157.8225000000,,NAD 83,(1986),,SCALED,2.344,LMSL,,ADJUSTED,15.373,GEOID12B,,,,,,,,,,2,1,,,,HI 3,11510.,518420.,,,,,,,,D,UNK,20030722,MARK NOT FOUND,USPSQD,,DD = SURVEY DISK,31 = SET IN A PAVEMENT SUCH AS STREET SIDEWALK CURB ETC.,BEACH EROSION 7 WAIKIKI
,20260103,http://www.ngs.noaa.gov/cgi-bin/ds_mark.prl?PidBox=TU0417,TU0417,7,,,,HI,HONOLULU,HONOLULU (2017),21 17 24.     (N),157 49 10.     (W),21.2900000000,-157.8194444444,,NAD 83,(1986),,SCALED,8.660,LMSL,,ADJUSTED,15.564,GEOID12B,,,,,,,,,,2,1,,,,HI 3,13670.,518740.,,,,,,,,D,UNK,20060315,SEE DESCRIPTION,HIDT,,Z = SEE DESCRIPTION,30 = SET IN A LIGHT STRUCTURE,
,20260103,http://www.ngs.noaa.gov/cgi-bin/ds_mark.prl?PidBox=TU0655,TU0655,7 1,,,,HI,HONOLULU,SCHOFIELD BARRACKS (2017),21 29 14.27454(N),158 01 41.06937(W),21.4872984833,-158.0280748250,,NAD 83,(1993),1993.62,ADJUSTED,259.888,LMSL,,ADJUSTED,15.627,GEOID12B,,,,,,,,,2,2,1,,,,HI 3,35500.679,497090.657,-0 00 37.0,0.99994680,04,2376392.670,600683.100,+0 21 21.7,0.99972526,C,1969,20060607,MARK NOT FOUND,HIDT,,DD = SURVEY DISK,7 = SET IN TOP OF CONCRETE MONUMENT,7-1 1969
,20260103,http://www.ngs.noaa.gov/cgi-bin/ds_mark.prl?PidBox=TU0192,TU0192,7 RESET,,,,HI,MAUI,MAALAEA (2017),20 46 54.     (N),156 27 45.     (W),20.7816666667,-156.4625000000,,NAD 83,(1986),,SCALED,2.169,LMSL,,ADJUSTED,16.379,GEOID12B,,,,,,,,,,2,1,,,,HI 2,49650.,521260.,,,,,,,,D,UNK,20121003,MARK NOT FOUND,INDIV,,B = BOLT,31 = SET IN A PAVEMENT SUCH AS STREET SIDEWALK CURB ETC.,
,20260103,http://www.ngs.noaa.gov/cgi-bin/ds_mark.prl?PidBox=TU1637,TU1637,7289V5 1967,,,,HI,HONOLULU,EWA (2017),21 22 26.58982(N),158 05 57.83050(W),21.3740527278,-158.0993973611,,NAD 83,(1993),1993.62,NO CHECK,511.3,LMSL,,VERT ANG,15.508,GEOID12B,,,,,,,,,3,,,,,,HI 3,22964.930,489691.682,-0 02 10.4,0.99990852,04,2363813.440,593366.228,+0 19 41.7,0.99970772,,1967,1967,MONUMENTED,CGS,,Z = SEE DESCRIPTION,0 = UNSPECIFIED SETTING,
,20260103,http://www.ngs.noaa.gov/cgi-bin/ds_mark.prl?PidBox=TU0422,TU0422,8,,,,HI,HONOLULU,HONOLULU (2017),21 16 55.     (N),157 47 52.     (W),21.2819444444,-157.7977777778,,NAD 83,(1986),,SCALED,54.524,LMSL,,ADJUSTED,15.543,GEOID12B,,,,,,,,,,2,1,,,,HI 3,12780.,520990.,,,,,,,,D,UNK,19990422,MARK NOT FOUND,USPSQD,,Z = SEE DESCRIPTION,30 = SET IN A LIGHT STRUCTURE,
,20260103,http://www.ngs.noaa.gov/cgi-bin/ds_mark.prl?PidBox=TU0570,TU0570,8 1,,,,HI,HONOLULU,KAENA (2017),21 33 54.84299(N),158 15 48.00144(W),21.5652341639,-158.2633337333,,NAD 83,(1993),1993.62,ADJUSTED,13.736,LMSL,,ADJUSTED,14.409,GEOID12B,,,,,,,,,2,2,1,,,,HI 3,44152.715,472725.690,-0 05 48.4,0.99999477,04,2384885.969,576270.451,+0 16 14.8,0.99967188,A,1969,20140330,GOOD,GEOCAC,Y,DD = SURVEY DISK,66 = SET IN ROCK OUTCROP,8-1 1969
,20260103,http://www.ngs.noaa.gov/cgi-bin/ds_mark.prl?PidBox=TU0575,TU0575,8 10,,,,HI,HONOLULU,KAENA (2017),21 31 43.89629(N),158 13 39.19803(W),21.5288600806,-158.2275550083,,NAD 83,(1993),1993.62,ADJUSTED,5.276,LMSL,,ADJUSTED,14.860,GEOID12B,,,,,,,,,2,2,1,,,,HI 3,40119.405,476425.547,-0 05 00.6,0.99999370,04,2380877.753,579994.885,+0 17 00.5,0.99967907,C,1969,20060607,MARK NOT FOUND,HIDT,,DD = SURVEY DISK,7 = SET IN TOP OF CONCRETE MONUMENT,8-10 1969
,20260103,http://www.ngs.noaa.gov/cgi-bin/ds_mark.prl?PidBox=TU0573,TU0573,8 3,,,,HI,HONOLULU,KAENA (2017),21 32 44.60503(N),158 14 24.47625(W),21.5457236194,-158.2401322917,,NAD 83,(1993),1993.62,ADJUSTED,8.144,LMSL,,ADJUSTED,14.684,GEOID12B,,,,,,,,,2,2,1,,,,HI 3,41988.550,475125.421,-0 05 17.5,0.99999405,04,2382737.934,578683.228,+0 16 44.7,0.99967650,A,1969,20140119,GOOD,GEOCAC,Y,DD = SURVEY DISK,66 = SET IN ROCK OUTCROP,8-3 1969
,20260103,http://www.ngs.noaa.gov/cgi-bin/ds_mark.prl?PidBox=TU0605,TU0605,8 4,,,,HI,HONOLULU,WAIANAE (2017),21 26 26.99755(N),158 11 26.58814(W),21.4408326528,-158.1907189278,,NAD 83,(1993),1993.62,ADJUSTED,3.415,LMSL,,ADJUSTED,15.191,GEOID12B,,,,,,,,,2,2,1,,,,HI 3,30367.656,480229.854,-0 04 11.0,0.99999191,04,2371153.566,583860.243,+0 17 45.0,0.99968690,C,1969,20130818,GOOD,GEOCAC,,DD = SURVEY DISK,7 = SET IN TOP OF CONCRETE MONUMENT,8-4 1969
,20260103,http://www.ngs.noaa.gov/cgi-bin/ds_mark.prl?PidBox=TU0610,TU0610,8 7,,,,HI,HONOLULU,WAIANAE (2017),21 24 55.50727(N),158 10 36.67477(W),21.4154186861,-158.1768541028,,NAD 83,(1993),1993.62,ADJUSTED,3.771,LMSL,,ADJUSTED,15.188,GEOID12B,,,,,,,,,2,2,1,,,,HI 3,27552.088,481663.928,-0 03 52.5,0.99999117,04,2368348.058,585311.797,+0 18 02.1,0.99968993,C,1969,20060607,MARK NOT FOUND,HIDT,,DD = SURVEY DISK,7 = SET IN TOP OF CONCRETE MONUMENT,8-7 1969
,20260103,http://www.ngs.noaa.gov/cgi-bin/ds_mark.prl?PidBox=TU0611,TU0611,8 7 A,,,,HI,HONOLULU,WAIANAE (2017),21 24 46.29899(N),158 10 35.06078(W),21.4128608306,-158.1764057722,,NAD 83,(1993),1993.62,ADJUSTED,3.673,LMSL,,ADJUSTED,15.174,GEOID12B,,,,,,,,,2,2,1,,,,HI 3,27268.825,481710.092,-0 03 51.9,0.99999117,04,2368065.181,585359.751,+0 18 02.5,0.99969003,C,1969,20170626,GOOD,GPSHI,Y,DD = SURVEY DISK,7 = SET IN TOP OF CONCRETE MONUMENT,8-7A 1969
,20260103,http://www.ngs.noaa.gov/cgi-bin/ds_mark.prl?PidBox=TU0614,TU0614,8 8 SS,,,,HI,HONOLULU,WAIANAE (2017),21 23 31.13693(N),158 09 28.30524(W),21.3919824806,-158.1578625667,,NAD 83,(1993),1993.62,ADJUSTED,2.628,LMSL,,ADJUSTED,15.201,GEOID12B,,,,,,,,,2,2,1,,,,HI 3,24955.096,483630.348,-0 03 27.3,0.99999051,04,2365764.423,587294.121,+0 18 25.9,0.99969416,B,1969,20060607,MARK NOT FOUND,HIDT,,DD = SURVEY DISK,36 = SET IN A MASSIVE STRUCTURE,8-8 1969
,20260103,http://www.ngs.noaa.gov/cgi-bin/ds_mark.prl?PidBox=TU0617,TU0617,8 9,,,,HI,HONOLULU,EWA (2017),21 22 09.96363(N),158 08 14.77667(W),21.3694343417,-158.1374379639,,NAD 83,(1993),1993.62,ADJUSTED,3.632,LMSL,,ADJUSTED,15.182,GEOID12B,,,,,,,,,2,2,1,,,,HI 3,22456.549,485746.109,-0 03 00.3,0.99998955,04,2363280.127,589425.106,+0 18 51.6,0.99969882,C,1969,20160311,GOOD,GEOCAC,,DD = SURVEY DISK,7 = SET IN TOP OF CONCRETE MONUMENT,8-9 1969
,20260103,http://www.ngs.noaa.gov/cgi-bin/ds_mark.prl?PidBox=TU0286,TU0286,8.06,,,,HI,HONOLULU,HONOLULU (2017),21 18 18.64180(N),157 51 50.36763(W),21.3051782778,-157.8639910083,18.586,NAD 83,(PA11),2010.00,ADJUSTED,2.342,LMSL,,ADJUSTED,15.512,GEOID12B,,,1.31,1.10,0.51,0.56,0.56,0.01675890,,2,1,-5506703.714,-2240072.994,2302914.160,HI 3,15341.953,514111.835,+0 02 57.9,0.99998954,04,2356347.611,617828.135,+0 24 46.1,0.99977156,C,UNK,20150710,GOOD,HIROTA,Y,DB = BENCH MARK DISK,32 = SET IN A RETAINING WALL OR CONCRETE LEDGE,8.06
,20260103,http://www.ngs.noaa.gov/cgi-bin/ds_mark.prl?PidBox=TU0032,TU0032,8.82,,,,HI,HAWAII,HILO (2017),19 43 36.8    (N),155 05 10.4    (W),19.7268888889,-155.0862222222,,NAD 83,(1986),,HD_HELD2,2.705,LMSL,,ADJ UNCH,18.316,GEOID12B,,,,,,,,,,1,1,,,,HI 1,98962.,543374.,,,,,,,,B,1910,20240719,GOOD,INDIV,,DD = SURVEY DISK,36 = SET IN A MASSIVE STRUCTURE,8.82 1910
,20260103,http://www.ngs.noaa.gov/cgi-bin/ds_mark.prl?PidBox=TU3179,TU3179,855,,,,HI,MAUI,KAHOOLAWE (2017),20 32 28.67256(N),156 38 38.27946(W),20.5412979333,-156.6439665167,,NAD 83,(1993),1993.62,ADJUSTED,259.0,LMSL,,VERT ANG,15.564,GEOID12B,,,,,,,,,2,,,,,,HI 2,23023.116,502367.200,+0 00 28.7,0.99992359,04,2273156.075,745652.575,+0 49 37.6,1.00034585,,1963,1963,MONUMENTED,USGS,,Z = SEE DESCRIPTION,0 = UNSPECIFIED SETTING,
,20260103,http://www.ngs.noaa.gov/cgi-bin/ds_mark.prl?PidBox=TU0433,TU0433,9,,,,HI,HONOLULU,HONOLULU (2017),21 16 46.     (N),157 47 29.     (W),21.2794444444,-157.7913888889,,NAD 83,(1986),,SCALED,33.497,LMSL,,ADJUSTED,15.529,GEOID12B,,,,,,,,,,2,1,,,,HI 3,12500.,521650.,,,,,,,,D,UNK,1969,GOOD,CGS,,Q = CHISELED SQUARE,30 = SET IN A LIGHT STRUCTURE,
,20260103,http://www.ngs.noaa.gov/cgi-bin/ds_mark.prl?PidBox=TU0618,TU0618,9 1,,,,HI,HONOLULU,EWA (2017),21 21 39.25240(N),158 07 53.79254(W),21.3609034444,-158.1316090389,,NAD 83,(1993),1993.62,ADJUSTED,9.017,LMSL,,ADJUSTED,15.156,GEOID12B,,,,,,,,,2,2,1,,,,HI 3,21511.483,486349.846,-0 02 52.6,0.99998850,04,2362339.195,590034.662,+0 18 58.8,0.99970017,D,1969,20060607,MARK NOT FOUND,HIDT,,DD = SURVEY DISK,31 = SET IN A PAVEMENT SUCH AS STREET SIDEWALK CURB ETC.,9-1 1969
,20260103,http://www.ngs.noaa.gov/cgi-bin/ds_mark.prl?PidBox=TU0647,TU0647,9 17,,,,HI,HONOLULU,WAIPAHU (2017),21 26 31.15631(N),158 00 46.08923(W),21.4419878639,-158.0128025639,,NAD 83,(1993),1993.62,ADJUSTED,178.902,LMSL,,ADJUSTED,15.688,GEOID12B,,,,,,,,,2,2,1,,,,HI 3,30483.590,498672.884,-0 00 16.8,0.99995944,04,2371387.104,602296.914,+0 21 39.3,0.99972931,C,1969,20060607,MARK NOT FOUND,HIDT,,DD = SURVEY DISK,7 = SET IN TOP OF CONCRETE MONUMENT,9-17 1969
,20260103,http://www.ngs.noaa.gov/cgi-bin/ds_mark.prl?PidBox=TU0643,TU0643,9 18,,,,HI,HONOLULU,WAIPAHU (2017),21 25 14.61275(N),158 00 23.56078(W),21.4207257639,-158.0065446611,,NAD 83,(1993),1993.62,ADJUSTED,127.990,LMSL,,ADJUSTED,15.657,GEOID12B,,,,,,,,,2,2,1,,,,HI 3,28129.376,499321.481,-0 00 08.6,0.99996743,04,2369037.686,602960.340,+0 21 46.3,0.99973099,C,1969,20040327,MARK NOT FOUND,GEOCAC,,DD = SURVEY DISK,7 = SET IN TOP OF CONCRETE MONUMENT,9-18 1969
,20260103,http://www.ngs.noaa.gov/cgi-bin/ds_mark.prl?PidBox=TU0257,TU0257,9 25,,,,HI,HONOLULU,PEARL HARBOR (2017),21 20 23.33800(N),157 55 48.16589(W),21.3398161111,-157.9300460806,,NAD 83,(1993),1993.62,ADJUSTED,7.454,LMSL,,ADJUSTED,15.457,GEOID12B,,,,,,,,,2,2,1,,,,HI 3,19172.585,507256.477,+0 01 31.6,0.99998705,04,2360133.784,610950.182,+0 23 21.8,0.99975211,C,1969,20060315,SEE DESCRIPTION,HIDT,,DD = SURVEY DISK,7 = SET IN TOP OF CONCRETE MONUMENT,9-25 1969
,20260103,http://www.ngs.noaa.gov/cgi-bin/ds_mark.prl?PidBox=TU0250,TU0250,9 26 RESET,,,,HI,HONOLULU,WAIPAHU (2017),21 23 12.02   (N),157 57 10.74   (W),21.3866722222,-157.9529833333,,NAD 83,(1986),,HD_HELD1,3.69,LMSL,,RESET,15.593,GEOID12B,,,,,,,,,,3,,,,,HI 3,24359.6,504875.6,,,,,,,,D,1972,20130809,GOOD,GEOCAC,Y,DD = SURVEY DISK,31 = SET IN A PAVEMENT SUCH AS STREET SIDEWALK CURB ETC.,9-26 1969 RESET 1972
,20260103,http://www.ngs.noaa.gov/cgi-bin/ds_mark.prl?PidBox=TU0624,TU0624,9 3,,,,HI,HONOLULU,EWA (2017),21 19 54.84681(N),158 05 21.86365(W),21.3319018917,-158.0894065694,,NAD 83,(1993),1993.62,ADJUSTED,30.775,LMSL,,ADJUSTED,15.158,GEOID12B,,,,,,,,,2,2,1,,,,HI 3,18297.340,490725.158,-0 01 57.1,0.99998384,04,2359153.828,594429.047,+0 19 52.6,0.99971019,B,1969,20150713,GOOD,HIROTA,,DD = SURVEY DISK,38 = SET IN THE ABUTMENT OR PIER OF A LARGE BRIDGE,9-3 1969
,20260103,http://www.ngs.noaa.gov/cgi-bin/ds_mark.prl?PidBox=TU0638,TU0638,9 4,,,,HI,HONOLULU,PEARL HARBOR (2017),21 22 34.88795(N),158 01 34.25860(W),21.3763577639,-158.0261829444,,NAD 83,(1993),1993.62,ADJUSTED,18.202,LMSL,,ADJUSTED,15.527,GEOID12B,,,,,,,,,2,2,1,,,,HI 3,23217.113,497284.658,-0 00 34.4,0.99998479,04,2364113.840,600955.367,+0 21 17.9,0.99972594,C,1969,20060607,MARK NOT FOUND,HIDT,,DD = SURVEY DISK,7 = SET IN TOP OF CONCRETE MONUMENT,9-4 1969
,20260103,http://www.ngs.noaa.gov/cgi-bin/ds_mark.prl?PidBox=TU0635,TU0635,9 8,,,,HI,HONOLULU,EWA (2017),21 21 12.38469(N),158 01 42.50952(W),21.3534401917,-158.0284748667,,NAD 83,(1993),1993.62,ADJUSTED,16.933,LMSL,,ADJUSTED,15.415,GEOID12B,,,,,,,,,2,2,1,,,,HI 3,20679.704,497046.512,-0 00 37.3,0.99998503,04,2361575.639,600733.419,+0 21 13.6,0.99972539,C,1969,20060607,MARK NOT FOUND,HIDT,,DD = SURVEY DISK,7 = SET IN TOP OF CONCRETE MONUMENT,9-8 1969
,20260103,http://www.ngs.noaa.gov/cgi-bin/ds_mark.prl?PidBox=DI2800,DI2800,94 300,Y,,,HI,HONOLULU,WAIPAHU (2017),21 22 49.52090(N),158 01 07.13666(W),21.3804224722,-158.0186490722,28.939,NAD 83,(PA11),2010.00,ADJUSTED,12.79,LMSL,,GPS OBS,15.540,GEOID12B,,,8.81,6.82,2.95,4.05,3.48,-0.14975460,,,,-5509927.507,-2224069.324,2310677.754,HI 3,23667.050,498066.023,-0 00 24.5,0.99998550,04,2364568.619,601733.648,+0 21 28.0,0.99972789,D,20060615,20060615,MONUMENTED,HIDT,Y,DD = SURVEY DISK,4 = OBJECT SURROUNDED BY MASS OF CONCRETE,94-300 2006
,20260103,http://www.ngs.noaa.gov/cgi-bin/ds_mark.prl?PidBox=DR8953,DR8953,98-408,,,,HI,HONOLULU,WAIPAHU (2017),21 23 07.84336(N),157 57 25.30581(W),21.3855120444,-157.9570293917,18.710,NAD 83,(PA11),2010.00,ADJUSTED,2.4,LMSL,,GPS OBS,15.582,GEOID12B,,,0.76,1.69,0.32,0.30,0.86,-0.05574004,,,,-5507333.137,-2229913.093,2311198.764,HI 3,24231.066,504456.055,+0 00 56.4,0.99998731,04,2365173.137,608118.339,+0 22 49.3,0.99974445,D,2006,20220923,GOOD,STANTI,Y,DD = SURVEY DISK,31 = SET IN A PAVEMENT SUCH AS STREET SIDEWALK CURB ETC.,98-408 2006
,20260103,http://www.ngs.noaa.gov/cgi-bin/ds_mark.prl?PidBox=TU0680,TU0680,9=161 1401 TIDAL 4,,,,HI,KAUAI,HANAPEPE (2017),21 57 21.     (N),159 40 04.     (W),21.9558333333,-159.6677777778,,NAD 83,(1986),,SCALED,2.728,LMSL,,ADJ UNCH,16.117,GEOID12B,,,,,,,,,,2,0,,,,HI 4,13570.,482670.,,,,,,,,C,UNK,19980811,MARK NOT FOUND,USPSQD,,DD = SURVEY DISK,7 = SET IN TOP OF CONCRETE MONUMENT,9
,20260103,http://www.ngs.noaa.gov/cgi-bin/ds_mark.prl?PidBox=TU0430,TU0430,A,,,,HI,HONOLULU,HONOLULU (2017),21 17 50.4    (N),157 47 07.8    (W),21.2973333333,-157.7855000000,,NAD 83,(1986),,HD_HELD2,318.013,LMSL,,ADJUSTED,15.717,GEOID12B,,,,,,,,,,2,1,,,,HI 3,14482.,522257.,,,,,,,,,UNK,20140406,GOOD,GEOCAC,,Z = SEE DESCRIPTION,0 = UNSPECIFIED SETTING,
,20260103,http://www.ngs.noaa.gov/cgi-bin/ds_mark.prl?PidBox=TU1768,TU1768,A,,,,HI,KAUAI,LIHUE (2017),21 55 38.44231(N),159 22 27.62771(W),21.9273450861,-159.3743410306,,NAD 83,(1993),1993.62,ADJUSTED,,,,,14.963,GEOID12B,,,,,,,,,3,,,,,,HI 4,10415.008,512982.292,+0 02 48.9,,04,2424832.274,461340.352,-0 08 23.3,0.99961847,,1910,1965,GOOD,CGS,,02 = CONSPICUOUS ROCK,,
,20260103,http://www.ngs.noaa.gov/cgi-bin/ds_mark.prl?PidBox=TU3410,TU3410,A,,,,HI,MAUI,KAUNAKAKAI OE S (2017),21 04 51.83017(N),157 01 44.43222(W),21.0810639361,-157.0290089500,,NAD 83,(1993),1993.62,ADJUSTED,,,,,15.866,GEOID12B,,,,,,,,,3,,,,,,HI 2,82823.753,462348.574,-0 07 49.2,,04,2332386.396,704762.097,+0 42 33.1,1.00011815,,1900,1962,MARK NOT FOUND,CGS,,,,
,20260103,http://www.ngs.noaa.gov/cgi-bin/ds_mark.prl?PidBox=TU0144,TU0144,A 1,,,,HI,HAWAII,MAUNA LOA (2017),19 28 39.5    (N),155 36 19.0    (W),19.4776388889,-155.6052777778,,NAD 83,(1986),,HD_HELD2,4160.703,LMSL,,ADJ UNCH,27.679,GEOID12B,,,,,,,,,,1,1,,,,HI 1,71322.,488947.,,,,,,,,A,1926,1975,GOOD,NGS,,DB = BENCH MARK DISK,66 = SET IN ROCK OUTCROP,A 1 1926
,20260103,http://www.ngs.noaa.gov/cgi-bin/ds_mark.prl?PidBox=TU0271,TU0271,A 10,,,,HI,HONOLULU,HONOLULU (2017),21 19 39.     (N),157 51 46.     (W),21.3275000000,-157.8627777778,,NAD 83,(1986),,SCALED,13.909,LMSL,,ADJUSTED,15.680,GEOID12B,,,,,,,,,,2,1,,,,HI 3,17810.,514240.,,,,,,,,D,1966,20060315,SEE DESCRIPTION,HIDT,,DB = BENCH MARK DISK,30 = SET IN A LIGHT STRUCTURE,A 10 1966
,20260103,http://www.ngs.noaa.gov/cgi-bin/ds_mark.prl?PidBox=TU0025,TU0025,A 100,,,,HI,HAWAII,HILO (2017),19 43 21.60746(N),155 03 50.29779(W),19.7226687389,-155.0639716083,21.694,NAD 83,(PA11),2010.00,ADJUSTED,3.481,LMSL,,ADJ UNCH,17.779,GEOID12B,,,1.18,1.98,0.45,0.51,1.01,0.13388630,,1,1,-5446375.773,-2532287.359,2138829.041,HI 1,98500.778,545707.298,+0 08 49.7,0.99998907,05,2182107.532,283685.812,-0 41 48.5,1.00017839,C,1967,20130104,GOOD,FAMM,Y,DB = BENCH MARK DISK,7 = SET IN TOP OF CONCRETE MONUMENT,A 100 1967
,20260103,http://www.ngs.noaa.gov/cgi-bin/ds_mark.prl?PidBox=TU0410,TU0410,A 11,,,,HI,HONOLULU,HONOLULU (2017),21 18 19.74   (N),157 51 12.88   (W),21.3054833333,-157.8535777778,,NAD 83,(1986),,HD_HELD1,4.371,LMSL,,ADJUSTED,15.561,GEOID12B,,,,,,,,,,2,1,,,,HI 3,15376.7,515192.2,,,,,,,,B,1969,20150713,GOOD,HIROTA,Y,DB = BENCH MARK DISK,36 = SET IN A MASSIVE STRUCTURE,A 11 1969
,20260103,http://www.ngs.noaa.gov/cgi-bin/ds_mark.prl?PidBox=AA6428,AA6428,A 111,,,,HI,HONOLULU,PEARL HARBOR (2017),21 19 15.18323(N),157 54 31.50163(W),21.3208842306,-157.9087504528,18.182,NAD 83,(PA11),2010.00,ADJUSTED,2.093,LMSL,,ADJUSTED,15.417,GEOID12B,2.089,978919.2,0.48,1.45,0.18,0.21,0.74,0.00067849,,2,1,-5507865.974,-2235532.628,2304534.067,HI 3,17077.571,509466.735,+0 01 59.4,0.99998825,04,2358053.337,613173.174,+0 23 48.5,0.99975827,C,1995,20201014,GOOD,HIROTA,Y,Z = SEE DESCRIPTION,7 = SET IN TOP OF CONCRETE MONUMENT,
,20260103,http://www.ngs.noaa.gov/cgi-bin/ds_mark.prl?PidBox=TU0315,TU0315,A 12,,,,HI,HONOLULU,HONOLULU (2017),21 15 40.9    (N),157 49 10.8    (W),21.2613611111,-157.8196666667,,NAD 83,(1986),,HD_HELD2,3.116,LMSL,,ADJUSTED,15.294,GEOID12B,,,,,,,,,,2,1,,,,HI 3,10495.,518716.,,,,,,,,D,1969,20121222,GOOD,GEOCAC,,DB = BENCH MARK DISK,30 = SET IN A LIGHT STRUCTURE,A 12 1969
