FeatureId,DATA_DATE,DATA_SRCE,PID,NAME,HT_MOD,CORS_ID,PACS_SACS,STATE,COUNTY,QUAD,LATITUDE,LONGITUDE,DEC_LAT,DEC_LON,ELLIP_HT,POS_DATUM,DATUM_TAG,POS_EPOCH,POS_SRCE,ORTHO_HT,VERT_DATUM,VERT_EPOCH,VERT_SRCE,GEOID_HT,GEOID_MOD,DYNAMIC_HT,MODEL_GRAV,N_ACC_HZ,N_ACC_EH,N_ACC_STDN,N_ACC_STDE,N_ACC_STDH,N_ACC_CORR,POS_ORDER,VERT_ORDER,VERT_CLASS,ECEF_X,ECEF_Y,ECEF_Z,SPC_ZONE,SPC_NORTH,SPC_EAST,SPC_CONV,SPC_CSF,UTM_ZONE,UTM_NORTH,UTM_EAST,UTM_CONV,UTM_CSF,STABILITY,FIRST_RECV,LAST_RECV,LAST_COND,LAST_RECBY,SAT_USE,MARKER,SETTING,STAMPING
,20260103,http://www.ngs.noaa.gov/cgi-bin/ds_mark.prl?PidBox=DP9771,DP9771,06 106,,,,IA,EMMET,DUNNELL (2019),43 30 03.24758(N),094 47 10.13575(W),43.5009021056,-94.7861488194,382.960,NAD 83,(2011),2010.00,ADJUSTED,411.128,NAVD 88,,ADJUSTED,-28.154,GEOID18,411.021,980348.2,0.49,1.29,0.22,0.17,0.66,0.09171513,,2,1,-386655.218,-4617942.289,4368298.083,IA N,1223057.547,1395980.789,-0 52 18.0,0.99999117,15,4817991.174,355600.886,-1 13 47.0,0.99985648,D,19720401,20180606,GOOD,MNDT,Y,DD = SURVEY DISK,15 = METAL ROD DRIVEN INTO GROUND. SEE TEXT FOR ADDITIONAL INFORMATION.,06-106
,20260103,http://www.ngs.noaa.gov/cgi-bin/ds_mark.prl?PidBox=LE0451,LE0451,067,,,,IA,WAPELLO,OTTUMWA SOUTH (2018),40 58 03.31348(N),092 25 42.46295(W),40.9675870778,-92.4284619306,,NAD 83,(1996),,NO CHECK,248.,NAVD 88,,SCALED,-32.700,GEOID18,,,,,,,,,3,,,,,,IA S,108004.294,590192.010,+0 42 21.0,0.99992285,15,4535316.192,548090.880,+0 22 29.0,0.99962846,C,1975,1975,MONUMENTED,NGS,,DD = SURVEY DISK,7 = SET IN TOP OF CONCRETE MONUMENT,067
,20260103,http://www.ngs.noaa.gov/cgi-bin/ds_mark.prl?PidBox=MG0455,MG0455,1,,,,IA,WASHINGTON,AINSWORTH (2018),41 20 40.     (N),091 32 33.     (W),41.3444444444,-91.5425000000,,NAD 83,(1986),,SCALED,204.060,NAVD 88,,ADJUSTED,-32.833,GEOID18,203.975,980205.5,,,,,,,,1,2,,,,IA S,151140.,663810.,,,,,,,,C,UNK,1942,GOOD,CGS,,Z = SEE DESCRIPTION,32 = SET IN A RETAINING WALL OR CONCRETE LEDGE,
,20260103,http://www.ngs.noaa.gov/cgi-bin/ds_mark.prl?PidBox=NK0086,NK0086,1,,,,IA,TAMA,TRAER (2018),42 11 16.     (N),092 27 11.     (W),42.1877777778,-92.4530555556,,NAD 83,(1986),,SCALED,270.76,NAVD 88,,VERTCON3,-31.538,GEOID18,,,,,,,,,,,,,,,IA N,1076930.,1586480.,,,,,,,,D,UNK,1934,GOOD,CGS,,R = RIVET,30 = SET IN A LIGHT STRUCTURE,
,20260103,http://www.ngs.noaa.gov/cgi-bin/ds_mark.prl?PidBox=NK0138,NK0138,1,,,,IA,MARSHALL,LE GRAND (2018),42 02 04.     (N),092 51 47.     (W),42.0344444444,-92.8630555556,,NAD 83,(1986),,SCALED,265.533,NAVD 88,,ADJUSTED,-31.731,GEOID18,265.433,980239.4,,,,,,,,2,0,,,,IA N,1059560.,1552740.,,,,,,,,B,UNK,1934,GOOD,CGS,,R = RIVET,36 = SET IN A MASSIVE STRUCTURE,
,20260103,http://www.ngs.noaa.gov/cgi-bin/ds_mark.prl?PidBox=MG0325,MG0325,1,,,,IA,SCOTT,DAVENPORT EAST (2018),41 33 24.     (N),090 33 05.     (W),41.5566666667,-90.5513888889,,NAD 83,(1986),,SCALED,193.018,NAVD 88,,ADJUSTED,-32.831,GEOID18,192.943,980232.5,,,,,,,,2,0,,,,IA S,177040.,745930.,,,,,,,,C,UNK,19961113,MARK NOT FOUND,USPSQD,,B = BOLT,7 = SET IN TOP OF CONCRETE MONUMENT,
,20260103,http://www.ngs.noaa.gov/cgi-bin/ds_mark.prl?PidBox=NJ0238,NJ0238,1,,,,IA,JACKSON,MAQUOKETA (2018),42 04 04.9    (N),090 39 51.1    (W),42.0680277778,-90.6641944444,,NAD 83,(1986),,HD_HELD2,214.83,NAVD 88,,VERTCON3,-32.678,GEOID18,,,,,,,,,,,,,,,IA N,1067031.,1734654.,,,,,,,,C,UNK,20050529,GOOD,GEOCAC,N,DD = SURVEY DISK,7 = SET IN TOP OF CONCRETE MONUMENT,EL 100
,20260103,http://www.ngs.noaa.gov/cgi-bin/ds_mark.prl?PidBox=MH0006,MH0006,1,,,,IA,BENTON,KEYSTONE SOUTH (2018),41 54 32.     (N),092 10 14.     (W),41.9088888889,-92.1705555556,,NAD 83,(1986),,SCALED,269.04,NAVD 88,,VERTCON3,-31.769,GEOID18,,,,,,,,,,,,,,,IA N,1046290.,1610300.,,,,,,,,B,UNK,20040920,GOOD,GEOCAC,Y,R = RIVET,36 = SET IN A MASSIVE STRUCTURE,
,20260103,http://www.ngs.noaa.gov/cgi-bin/ds_mark.prl?PidBox=MG0529,MG0529,1,,,,IA,JOHNSON,IOWA CITY WEST (2018),41 39 40.9    (N),091 32 10.7    (W),41.6613611111,-91.5363055556,,NAD 83,(1986),,HD_HELD2,212.829,NAVD 88,,ADJUSTED,-32.626,GEOID18,212.748,980236.6,,,,,,,,1,2,,,,IA S,186342.,663536.,,,,,,,,D,UNK,20070624,GOOD,GEOCAC,Y,DB = BENCH MARK DISK,31 = SET IN A PAVEMENT SUCH AS STREET SIDEWALK CURB ETC.,869
,20260103,http://www.ngs.noaa.gov/cgi-bin/ds_mark.prl?PidBox=NM2022,NM2022,1,,,,IA,PLYMOUTH,RICHLAND (2017),42 45 43.     (N),096 37 55.     (W),42.7619444444,-96.6319444444,,NAD 83,(1986),,SCALED,345.312,NAVD 88,,ADJUSTED,-25.665,GEOID18,345.215,980330.2,,,,,,,,1,2,,,,IA N,1144920.,1243710.,,,,,,,,B,UNK,20101012,MARK NOT FOUND,GEOCAC,N,DD = SURVEY DISK,38 = SET IN THE ABUTMENT OR PIER OF A LARGE BRIDGE,1
,20260103,http://www.ngs.noaa.gov/cgi-bin/ds_mark.prl?PidBox=MJ0182,MJ0182,1 1,,,,IA,ADAIR,ADAIR SOUTH (2018),41 29 59.     (N),094 38 36.     (W),41.4997222222,-94.6433333333,,NAD 83,(1986),,SCALED,447.001,NAVD 88,,ADJUSTED,-27.838,GEOID18,446.837,980241.1,,,,,,,,1,2,,,,IA S,167170.,404540.,,,,,,,,D,1934,1950,GOOD,CGS,,DD = SURVEY DISK,9 = POST (STONE OR PRECAST CONCRETE),1 1
,20260103,http://www.ngs.noaa.gov/cgi-bin/ds_mark.prl?PidBox=NJ0102,NJ0102,1 WPR,,,,IA,JACKSON,SAVANNA (2018),42 06 18.     (N),090 12 01.     (W),42.1050000000,-90.2002777778,,NAD 83,(1986),,SCALED,202.874,NAVD 88,,ADJUSTED,-33.096,GEOID18,202.805,980277.4,,,,,,,,1,1,,,,IA N,1072530.,1772860.,,,,,,,,C,1966,20010331,GOOD,NGS,N,DB = BENCH MARK DISK,32 = SET IN A RETAINING WALL OR CONCRETE LEDGE,1 WPR 1966 666
,20260103,http://www.ngs.noaa.gov/cgi-bin/ds_mark.prl?PidBox=MG0607,MG0607,10,,,,IA,LINN,CEDAR RAPIDS SOUTH (2018),41 55 25.     (N),091 44 35.     (W),41.9236111111,-91.7430555556,,NAD 83,(1986),,SCALED,227.949,NAVD 88,,ADJUSTED,-32.207,GEOID18,227.864,980243.7,,,,,,,,2,0,,,,IA N,1048570.,1645730.,,,,,,,,B,UNK,1934,GOOD,CGS,,R = RIVET,36 = SET IN A MASSIVE STRUCTURE,
,20260103,http://www.ngs.noaa.gov/cgi-bin/ds_mark.prl?PidBox=MH0042,MH0042,10,,,,IA,TAMA,BELLE PLAINE (2018),41 55 47.     (N),092 18 16.     (W),41.9297222222,-92.3044444444,,NAD 83,(1986),,SCALED,242.278,NAVD 88,,ADJUSTED,-31.730,GEOID18,242.191,980260.4,,,,,,,,2,0,,,,IA N,1048430.,1599160.,,,,,,,,C,UNK,1934,GOOD,CGS,,R = RIVET,32 = SET IN A RETAINING WALL OR CONCRETE LEDGE,
,20260103,http://www.ngs.noaa.gov/cgi-bin/ds_mark.prl?PidBox=MG0516,MG0516,10,,,,IA,JOHNSON,HILLS (2018),41 36 56.     (N),091 32 36.     (W),41.6155555556,-91.5433333333,,NAD 83,(1986),,SCALED,197.090,NAVD 88,,ADJUSTED,-32.648,GEOID18,197.014,980236.0,,,,,,,,1,2,,,,IA S,181240.,663070.,,,,,,,,C,1934,19910429,MARK NOT FOUND,USPSQD,,I = METAL ROD,32 = SET IN A RETAINING WALL OR CONCRETE LEDGE,
,20260103,http://www.ngs.noaa.gov/cgi-bin/ds_mark.prl?PidBox=MG0528,MG0528,10,,,,IA,JOHNSON,IOWA CITY WEST (2018),41 39 35.22   (N),091 32 14.85   (W),41.6597833333,-91.5374583333,,NAD 83,(1986),,HD_HELD1,199.660,NAVD 88,,ADJUSTED,-32.627,GEOID18,199.583,980236.7,,,,,,,,1,2,,,,IA S,186164.6,663444.2,,,,,,,,D,UNK,20061213,GOOD,USPSQD,N,DD = SURVEY DISK,31 = SET IN A PAVEMENT SUCH AS STREET SIDEWALK CURB ETC.,10
,20260103,http://www.ngs.noaa.gov/cgi-bin/ds_mark.prl?PidBox=AE9315,AE9315,10 WPR,,,,IA,JACKSON,SAVANNA (2018),42 02 23.2    (N),090 11 33.2    (W),42.0397777778,-90.1925555556,,NAD 83,(1986),,HD_HELD2,204.105,NAVD 88,,ADJUSTED,-33.093,GEOID18,204.034,980272.1,,,,,,,,1,2,,,,IA N,1065313.,1773785.,,,,,,,,C,1966,20060529,GOOD,GEOCAC,N,DD = SURVEY DISK,32 = SET IN A RETAINING WALL OR CONCRETE LEDGE,10 WPR 1966 670
,20260103,http://www.ngs.noaa.gov/cgi-bin/ds_mark.prl?PidBox=NJ0532,NJ0532,1016,,,,IA,DELAWARE,EARLVILLE (2018),42 25 28.     (N),091 19 57.     (W),42.4244444444,-91.3325000000,,NAD 83,(1986),,SCALED,307.083,NAVD 88,,ADJUSTED,-31.364,GEOID18,306.991,980313.5,,,,,,,,2,0,,,,IA N,1104970.,1678350.,,,,,,,,D,1896,1934,GOOD,CGS,,P = PIPE CAP,17 = SET INTO TOP OF METAL PIPE DRIVEN INTO GROUND,1016
,20260103,http://www.ngs.noaa.gov/cgi-bin/ds_mark.prl?PidBox=ON0480,ON0480,1019,,,,IA,WINNESHIEK,FORT ATKINSON (2018),43 08 35.     (N),091 56 08.     (W),43.1430555556,-91.9355555556,,NAD 83,(1986),,SCALED,310.708,NAVD 88,,ADJUSTED,-30.467,GEOID18,310.629,980358.1,,,,,,,,2,0,,,,IA N,1183690.,1627260.,,,,,,,,D,1902,20000925,MARK NOT FOUND,AERSVC,,P = PIPE CAP,17 = SET INTO TOP OF METAL PIPE DRIVEN INTO GROUND,1019 DBQ
,20260103,http://www.ngs.noaa.gov/cgi-bin/ds_mark.prl?PidBox=MJ0550,MJ0550,1021,,,,IA,POTTAWATTAMIE,COUNCIL BLUFFS NORTH (2018),41 18 24.     (N),095 46 29.     (W),41.3066666667,-95.7747222222,,NAD 83,(1986),,SCALED,311.256,NAVD 88,,ADJUSTED,-27.803,GEOID18,311.127,980198.9,,,,,,,,1,2,,,,IA S,147590.,309540.,,,,,,,,C,1905,1948,POOR,CGS,,DB = BENCH MARK DISK,32 = SET IN A RETAINING WALL OR CONCRETE LEDGE,1020.910
,20260103,http://www.ngs.noaa.gov/cgi-bin/ds_mark.prl?PidBox=MH0355,MH0355,1035,,,,IA,DALLAS,WAUKEE (2018),41 36 53.     (N),093 53 30.     (W),41.6147222222,-93.8916666667,,NAD 83,(1986),,SCALED,315.258,NAVD 88,,ADJUSTED,-30.689,GEOID18,315.120,980176.4,,,,,,,,1,2,,,,IA S,179390.,467360.,,,,,,,,D,1906,1931,GOOD,CGS,,P = PIPE CAP,17 = SET INTO TOP OF METAL PIPE DRIVEN INTO GROUND,1035
,20260103,http://www.ngs.noaa.gov/cgi-bin/ds_mark.prl?PidBox=MH0230,MH0230,1041,,,,IA,LUCAS,CHARITON (2018),41 00 52.     (N),093 18 31.     (W),41.0144444444,-93.3086111111,,NAD 83,(1986),,SCALED,317.403,NAVD 88,,ADJUSTED,-31.677,GEOID18,317.257,980155.2,,,,,,,,2,0,,,,IA S,112670.,516100.,,,,,,,,D,1913,20060520,MARK NOT FOUND,GEOCAC,,P = PIPE CAP,17 = SET INTO TOP OF METAL PIPE DRIVEN INTO GROUND,1041 1919
,20260103,http://www.ngs.noaa.gov/cgi-bin/ds_mark.prl?PidBox=NJ0590,NJ0590,1044,,,,IA,FAYETTE,OELWEIN (2018),42 40 41.     (N),091 54 47.     (W),42.6780555556,-91.9130555556,,NAD 83,(1986),,SCALED,318.613,NAVD 88,,ADJUSTED,-30.794,GEOID18,318.519,980317.6,,,,,,,,1,2,,,,IA N,1132080.,1630060.,,,,,,,,B,1899,20051120,MARK NOT FOUND,GEOCAC,,DB = BENCH MARK DISK,36 = SET IN A MASSIVE STRUCTURE,DBQ 1044
,20260103,http://www.ngs.noaa.gov/cgi-bin/ds_mark.prl?PidBox=MJ0090,MJ0090,1066,,,,IA,MADISON,EARLHAM EAST (2018),41 29 23.     (N),094 05 36.     (W),41.4897222222,-94.0933333333,,NAD 83,(1986),,SCALED,324.892,NAVD 88,,ADJUSTED,-30.400,GEOID18,324.747,980171.1,,,,,,,,1,2,,,,IA S,165600.,450450.,,,,,,,,C,UNK,1934,POOR,CGS,,DB = BENCH MARK DISK,32 = SET IN A RETAINING WALL OR CONCRETE LEDGE,ELEV 1065.575 FT
,20260103,http://www.ngs.noaa.gov/cgi-bin/ds_mark.prl?PidBox=MJ0562,MJ0562,1072,,,,IA,POTTAWATTAMIE,UNDERWOOD (2018),41 23 08.     (N),095 40 46.     (W),41.3855555556,-95.6794444444,,NAD 83,(1986),,SCALED,326.956,NAVD 88,,ADJUSTED,-28.149,GEOID18,326.816,980186.7,,,,,,,,1,2,,,,IA S,156150.,317730.,,,,,,,,C,1905,1948,GOOD,CGS,,DB = BENCH MARK DISK,32 = SET IN A RETAINING WALL OR CONCRETE LEDGE,ELEV 1072.173 FT
,20260103,http://www.ngs.noaa.gov/cgi-bin/ds_mark.prl?PidBox=MJ0569,MJ0569,1089,,,,IA,POTTAWATTAMIE,NEOLA (2018),41 26 46.     (N),095 37 09.     (W),41.4461111111,-95.6191666667,,NAD 83,(1986),,SCALED,331.966,NAVD 88,,ADJUSTED,-28.434,GEOID18,331.821,980178.9,,,,,,,,1,2,,,,IA S,162750.,322940.,,,,,,,,B,1905,1948,GOOD,CGS,,DB = BENCH MARK DISK,36 = SET IN A MASSIVE STRUCTURE,ELEV 1088.541 FT
,20260103,http://www.ngs.noaa.gov/cgi-bin/ds_mark.prl?PidBox=MJ0570,MJ0570,1095,,,,IA,POTTAWATTAMIE,NEOLA (2018),41 26 52.     (N),095 37 01.     (W),41.4477777778,-95.6169444444,,NAD 83,(1986),,SCALED,334.044,NAVD 88,,ADJUSTED,-28.441,GEOID18,333.898,980178.9,,,,,,,,1,2,,,,IA S,162930.,323130.,,,,,,,,D,1905,1957,GOOD,CGS,,P = PIPE CAP,17 = SET INTO TOP OF METAL PIPE DRIVEN INTO GROUND,1095.470
,20260103,http://www.ngs.noaa.gov/cgi-bin/ds_mark.prl?PidBox=NL0002,NL0002,1099,,,,IA,WEBSTER,FORT DODGE NORTH (2018),42 30 18.     (N),094 11 10.     (W),42.5050000000,-94.1861111111,,NAD 83,(1986),,SCALED,334.880,NAVD 88,,ADJUSTED,-28.128,GEOID18,334.776,980299.7,,,,,,,,1,2,,,,IA N,1111860.,1443610.,,,,,,,,B,UNK,20081007,MARK NOT FOUND,GEOCAC,,DB = BENCH MARK DISK,36 = SET IN A MASSIVE STRUCTURE,1098.571 IOWA
,20260103,http://www.ngs.noaa.gov/cgi-bin/ds_mark.prl?PidBox=MH0044,MH0044,11,,,,IA,TAMA,BELLE PLAINE (2018),41 55 11.     (N),092 18 17.     (W),41.9197222222,-92.3047222222,,NAD 83,(1986),,SCALED,239.978,NAVD 88,,ADJUSTED,-31.752,GEOID18,239.892,980259.6,,,,,,,,2,0,,,,IA N,1047320.,1599150.,,,,,,,,B,UNK,1934,GOOD,CGS,,R = RIVET,36 = SET IN A MASSIVE STRUCTURE,
,20260103,http://www.ngs.noaa.gov/cgi-bin/ds_mark.prl?PidBox=MG0517,MG0517,11,,,,IA,JOHNSON,IOWA CITY WEST (2018),41 37 34.     (N),091 32 40.     (W),41.6261111111,-91.5444444444,,NAD 83,(1986),,SCALED,196.628,NAVD 88,,ADJUSTED,-32.642,GEOID18,196.552,980236.9,,,,,,,,1,2,,,,IA S,182410.,662950.,,,,,,,,C,1934,19980106,MARK NOT FOUND,NGS,,I = METAL ROD,32 = SET IN A RETAINING WALL OR CONCRETE LEDGE,
,20260103,http://www.ngs.noaa.gov/cgi-bin/ds_mark.prl?PidBox=MG0530,MG0530,11,,,,IA,JOHNSON,IOWA CITY WEST (2018),41 39 40.     (N),091 32 33.     (W),41.6611111111,-91.5425000000,,NAD 83,(1986),,SCALED,200.087,NAVD 88,,ADJUSTED,-32.624,GEOID18,200.010,980236.7,,,,,,,,1,2,,,,IA S,186300.,663020.,,,,,,,,C,UNK,19980106,MARK NOT FOUND,NGS,,DB = BENCH MARK DISK,7 = SET IN TOP OF CONCRETE MONUMENT,11
,20260103,http://www.ngs.noaa.gov/cgi-bin/ds_mark.prl?PidBox=LE0281,LE0281,11 E,,,,IA,MONROE,MELROSE (2018),40 58 27.     (N),093 02 56.     (W),40.9741666667,-93.0488888889,,NAD 83,(1986),,SCALED,265.069,NAVD 88,,ADJUSTED,-31.887,GEOID18,264.947,980159.0,,,,,,,,2,0,,,,IA S,108280.,537970.,,,,,,,,C,1933,1933,MONUMENTED,USGS,,DB = BENCH MARK DISK,7 = SET IN TOP OF CONCRETE MONUMENT,869 11 E 1933
,20260103,http://www.ngs.noaa.gov/cgi-bin/ds_mark.prl?PidBox=MJ0088,MJ0088,1104,,,,IA,MADISON,EARLHAM EAST (2018),41 29 23.     (N),094 07 17.     (W),41.4897222222,-94.1213888889,,NAD 83,(1986),,SCALED,336.635,NAVD 88,,ADJUSTED,-30.308,GEOID18,336.486,980171.3,,,,,,,,1,2,,,,IA S,165620.,448110.,,,,,,,,D,1905,1934,GOOD,CGS,,P = PIPE CAP,17 = SET INTO TOP OF METAL PIPE DRIVEN INTO GROUND,1104.181
,20260103,http://www.ngs.noaa.gov/cgi-bin/ds_mark.prl?PidBox=NL0120,NL0120,1110,,,,IA,WEBSTER,EVANSTON (2018),42 28 19.     (N),094 05 24.     (W),42.4719444444,-94.0900000000,,NAD 83,(1986),,SCALED,338.240,NAVD 88,,ADJUSTED,-27.500,GEOID18,338.148,980339.2,,,,,,,,2,0,,,,IA N,1108130.,1451480.,,,,,,,,D,1919,1934,GOOD,CGS,,P = PIPE CAP,17 = SET INTO TOP OF METAL PIPE DRIVEN INTO GROUND,IOWA 1919 1110
,20260103,http://www.ngs.noaa.gov/cgi-bin/ds_mark.prl?PidBox=NK0443,NK0443,1113,,,,IA,WEBSTER,DUNCOMBE (2018),42 28 13.9    (N),093 59 35.1    (W),42.4705277778,-93.9930833333,,NAD 83,(1986),,HD_HELD2,339.204,NAVD 88,,ADJUSTED,-27.169,GEOID18,339.118,980357.6,,,,,,,,2,0,,,,IA N,1107921.,1459452.,,,,,,,,B,1919,20090224,POOR,GEOCAC,,DD = SURVEY DISK,36 = SET IN A MASSIVE STRUCTURE,IOWA 1919 1113
,20260103,http://www.ngs.noaa.gov/cgi-bin/ds_mark.prl?PidBox=LF1171,LF1171,112/2 BOLT,,,,IA,FREMONT,NEBRASKA CITY (2017),40 43 38.     (N),095 51 00.     (W),40.7272222222,-95.8500000000,,NAD 83,(1986),,SCALED,282.234,NAVD 88,,ADJUSTED,-29.057,GEOID18,282.088,980099.7,,,,,,,,2,0,,,,IA S,83440.,301500.,,,,,,,,D,UNK,1948,GOOD,CGS,,B = BOLT,31 = SET IN A PAVEMENT SUCH AS STREET SIDEWALK CURB ETC.,
,20260103,http://www.ngs.noaa.gov/cgi-bin/ds_mark.prl?PidBox=LF1170,LF1170,112/2 CAP,,,,IA,FREMONT,NEBRASKA CITY (2017),40 43 38.     (N),095 51 00.     (W),40.7272222222,-95.8500000000,,NAD 83,(1986),,SCALED,283.475,NAVD 88,,ADJUSTED,-29.057,GEOID18,283.328,980099.7,,,,,,,,2,0,,,,IA S,83440.,301500.,,,,,,,,D,UNK,1964,MARK NOT FOUND,USGS,,C = CAP OF CAP-AND-BOLT PAIR,17 = SET INTO TOP OF METAL PIPE DRIVEN INTO GROUND,
,20260103,http://www.ngs.noaa.gov/cgi-bin/ds_mark.prl?PidBox=NL0005,NL0005,1120,,,,IA,WEBSTER,FORT DODGE NORTH (2018),42 30 05.     (N),094 13 36.     (W),42.5013888889,-94.2266666667,,NAD 83,(1986),,SCALED,341.372,NAVD 88,,ADJUSTED,-28.296,GEOID18,341.262,980290.6,,,,,,,,1,2,,,,IA N,1111490.,1440270.,,,,,,,,D,1919,20150603,MARK NOT FOUND,NGS,,P = PIPE CAP,17 = SET INTO TOP OF METAL PIPE DRIVEN INTO GROUND,1119.853 IOWA 1919
,20260103,http://www.ngs.noaa.gov/cgi-bin/ds_mark.prl?PidBox=LF1162,LF1162,113/2 BOLT,,,,IA,FREMONT,MCPAUL (2018),40 45 27.     (N),095 51 14.     (W),40.7575000000,-95.8538888889,,NAD 83,(1986),,SCALED,283.146,NAVD 88,,ADJUSTED,-28.896,GEOID18,283.001,980106.4,,,,,,,,2,0,,,,IA S,86810.,301260.,,,,,,,,D,UNK,1948,GOOD,CGS,,B = BOLT,31 = SET IN A PAVEMENT SUCH AS STREET SIDEWALK CURB ETC.,
,20260103,http://www.ngs.noaa.gov/cgi-bin/ds_mark.prl?PidBox=LF1161,LF1161,113/2 CAP,,,,IA,FREMONT,MCPAUL (2018),40 45 27.     (N),095 51 14.     (W),40.7575000000,-95.8538888889,,NAD 83,(1986),,SCALED,284.387,NAVD 88,,ADJUSTED,-28.896,GEOID18,284.242,980106.4,,,,,,,,2,0,,,,IA S,86810.,301260.,,,,,,,,D,UNK,1948,GOOD,CGS,,C = CAP OF CAP-AND-BOLT PAIR,17 = SET INTO TOP OF METAL PIPE DRIVEN INTO GROUND,
,20260103,http://www.ngs.noaa.gov/cgi-bin/ds_mark.prl?PidBox=LF1159,LF1159,113/3 BOLT,,,,IA,FREMONT,MCPAUL (2018),40 45 27.     (N),095 49 56.     (W),40.7575000000,-95.8322222222,,NAD 83,(1986),,SCALED,283.279,NAVD 88,,ADJUSTED,-29.000,GEOID18,283.135,980106.5,,,,,,,,2,0,,,,IA S,86760.,303090.,,,,,,,,D,UNK,1948,GOOD,CGS,,B = BOLT,31 = SET IN A PAVEMENT SUCH AS STREET SIDEWALK CURB ETC.,
,20260103,http://www.ngs.noaa.gov/cgi-bin/ds_mark.prl?PidBox=LF1158,LF1158,113/3 CAP,,,,IA,FREMONT,MCPAUL (2018),40 45 27.     (N),095 49 57.     (W),40.7575000000,-95.8325000000,,NAD 83,(1986),,SCALED,284.522,NAVD 88,,ADJUSTED,-28.999,GEOID18,284.376,980106.5,,,,,,,,2,0,,,,IA S,86760.,303070.,,,,,,,,D,UNK,1948,GOOD,CGS,,C = CAP OF CAP-AND-BOLT PAIR,17 = SET INTO TOP OF METAL PIPE DRIVEN INTO GROUND,
,20260103,http://www.ngs.noaa.gov/cgi-bin/ds_mark.prl?PidBox=NK0368,NK0368,1134,,,,IA,BOONE,BOONE WEST (2018),42 03 50.     (N),093 52 56.     (W),42.0638888889,-93.8822222222,,NAD 83,(1986),,SCALED,345.536,NAVD 88,,ADJUSTED,-27.869,GEOID18,345.433,980313.4,,,,,,,,2,0,,,,IA N,1062710.,1468360.,,,,,,,,D,1912,1934,GOOD,CGS,,P = PIPE CAP,17 = SET INTO TOP OF METAL PIPE DRIVEN INTO GROUND,1134
,20260103,http://www.ngs.noaa.gov/cgi-bin/ds_mark.prl?PidBox=LF1148,LF1148,114/2 CAP,,,,IA,FREMONT,MCPAUL (2018),40 48 09.     (N),095 49 20.     (W),40.8025000000,-95.8222222222,,NAD 83,(1986),,SCALED,285.234,NAVD 88,,ADJUSTED,-28.775,GEOID18,285.093,980120.7,,,,,,,,2,0,,,,IA S,91730.,304070.,,,,,,,,D,UNK,1966,MARK NOT FOUND,USGS,,C = CAP OF CAP-AND-BOLT PAIR,17 = SET INTO TOP OF METAL PIPE DRIVEN INTO GROUND,
,20260103,http://www.ngs.noaa.gov/cgi-bin/ds_mark.prl?PidBox=LF1137,LF1137,115/2 BOLT,,,,IA,FREMONT,MCPAUL (2018),40 52 20.     (N),095 48 48.     (W),40.8722222222,-95.8133333333,,NAD 83,(1986),,SCALED,286.454,NAVD 88,,ADJUSTED,-28.295,GEOID18,286.322,980155.9,,,,,,,,2,0,,,,IA S,99450.,305020.,,,,,,,,D,UNK,1948,GOOD,CGS,,B = BOLT,31 = SET IN A PAVEMENT SUCH AS STREET SIDEWALK CURB ETC.,
,20260103,http://www.ngs.noaa.gov/cgi-bin/ds_mark.prl?PidBox=LF1136,LF1136,115/2 CAP,,,,IA,FREMONT,MCPAUL (2018),40 52 19.     (N),095 48 48.     (W),40.8719444444,-95.8133333333,,NAD 83,(1986),,SCALED,287.701,NAVD 88,,ADJUSTED,-28.297,GEOID18,287.569,980155.8,,,,,,,,2,0,,,,IA S,99420.,305020.,,,,,,,,D,UNK,1948,GOOD,CGS,,C = CAP OF CAP-AND-BOLT PAIR,17 = SET INTO TOP OF METAL PIPE DRIVEN INTO GROUND,
,20260103,http://www.ngs.noaa.gov/cgi-bin/ds_mark.prl?PidBox=MJ0426,MJ0426,1155,,,,IA,CASS,ATLANTIC (2018),41 24 30.     (N),095 00 07.     (W),41.4083333333,-95.0019444444,,NAD 83,(1986),,SCALED,352.031,NAVD 88,,ADJUSTED,-27.674,GEOID18,351.904,980249.3,,,,,,,,1,2,,,,IA S,157480.,374430.,,,,,,,,B,1905,20020315,GOOD,JCLS,N,DB = BENCH MARK DISK,36 = SET IN A MASSIVE STRUCTURE,1154.525
,20260103,http://www.ngs.noaa.gov/cgi-bin/ds_mark.prl?PidBox=MJ0398,MJ0398,1158,,,,IA,POTTAWATTAMIE,AVOCA (2018),41 28 36.     (N),095 20 28.     (W),41.4766666667,-95.3411111111,,NAD 83,(1986),,SCALED,353.284,NAVD 88,,ADJUSTED,-28.156,GEOID18,353.140,980204.2,,,,,,,,1,2,,,,IA S,165610.,346240.,,,,,,,,B,1905,1949,GOOD,CGS,,DB = BENCH MARK DISK,36 = SET IN A MASSIVE STRUCTURE,1158.482
,20260103,http://www.ngs.noaa.gov/cgi-bin/ds_mark.prl?PidBox=MK0078,MK0078,116,,,,IA,MONONA,BLENCOE (2018),41 59 44.     (N),096 05 21.     (W),41.9955555556,-96.0891666667,,NAD 83,(1986),,SCALED,319.223,NAVD 88,,ADJUSTED,-27.257,GEOID18,319.106,980247.8,,,,,,,,1,2,,,,IA N,1058330.,1285500.,,,,,,,,D,1934,19890905,MARK NOT FOUND,NGS,,DD = SURVEY DISK,9 = POST (STONE OR PRECAST CONCRETE),67-116
,20260103,http://www.ngs.noaa.gov/cgi-bin/ds_mark.prl?PidBox=MJ0399,MJ0399,1165,,,,IA,POTTAWATTAMIE,AVOCA (2018),41 28 37.     (N),095 20 21.     (W),41.4769444444,-95.3391666667,,NAD 83,(1986),,SCALED,355.072,NAVD 88,,ADJUSTED,-28.153,GEOID18,354.927,980204.6,,,,,,,,1,2,,,,IA S,165640.,346400.,,,,,,,,C,UNK,1949,GOOD,CGS,,I = METAL ROD,7 = SET IN TOP OF CONCRETE MONUMENT,
,20260103,http://www.ngs.noaa.gov/cgi-bin/ds_mark.prl?PidBox=MJ0402,MJ0402,1171,,,,IA,POTTAWATTAMIE,AVOCA (2018),41 28 06.     (N),095 17 59.     (W),41.4683333333,-95.2997222222,,NAD 83,(1986),,SCALED,357.040,NAVD 88,,ADJUSTED,-28.042,GEOID18,356.898,980212.6,,,,,,,,1,2,,,,IA S,164610.,349670.,,,,,,,,B,1905,1934,GOOD,CGS,,DB = BENCH MARK DISK,36 = SET IN A MASSIVE STRUCTURE,1170.769
,20260103,http://www.ngs.noaa.gov/cgi-bin/ds_mark.prl?PidBox=NJ0426,NJ0426,1179,,,,IA,DUBUQUE,NEW VIENNA (2018),42 36 08.     (N),091 04 25.     (W),42.6022222222,-91.0736111111,,NAD 83,(1986),,SCALED,359.732,NAVD 88,,ADJUSTED,-31.777,GEOID18,359.620,980299.3,,,,,,,,1,1,,,,IA N,1125290.,1699080.,,,,,,,,D,1898,20060806,MARK NOT FOUND,GEOCAC,,P = PIPE CAP,17 = SET INTO TOP OF METAL PIPE DRIVEN INTO GROUND,1179 DBQ
,20260103,http://www.ngs.noaa.gov/cgi-bin/ds_mark.prl?PidBox=MJ0413,MJ0413,1184,,,,IA,CASS,ATLANTIC (2018),41 26 50.     (N),095 06 43.     (W),41.4472222222,-95.1119444444,,NAD 83,(1986),,SCALED,360.978,NAVD 88,,ADJUSTED,-27.701,GEOID18,360.842,980234.9,,,,,,,,1,2,,,,IA S,161960.,365310.,,,,,,,,D,1905,1950,GOOD,CGS,,P = PIPE CAP,17 = SET INTO TOP OF METAL PIPE DRIVEN INTO GROUND,1184
,20260103,http://www.ngs.noaa.gov/cgi-bin/ds_mark.prl?PidBox=MJ0843,MJ0843,119/2 BOLT,,,,IA,MILLS,COUNCIL BLUFFS SOUTH (2018),41 08 40.     (N),095 51 20.     (W),41.1444444444,-95.8555555556,,NAD 83,(1986),,SCALED,293.107,NAVD 88,,ADJUSTED,-27.343,GEOID18,292.988,980210.4,,,,,,,,2,0,,,,IA S,129770.,302280.,,,,,,,,D,UNK,1948,GOOD,CGS,,B = BOLT,31 = SET IN A PAVEMENT SUCH AS STREET SIDEWALK CURB ETC.,
,20260103,http://www.ngs.noaa.gov/cgi-bin/ds_mark.prl?PidBox=MJ0842,MJ0842,119/2 CAP,,,,IA,MILLS,COUNCIL BLUFFS SOUTH (2018),41 08 40.     (N),095 51 19.     (W),41.1444444444,-95.8552777778,,NAD 83,(1986),,SCALED,294.349,NAVD 88,,ADJUSTED,-27.344,GEOID18,294.230,980210.4,,,,,,,,2,0,,,,IA S,129770.,302310.,,,,,,,,D,UNK,1948,GOOD,CGS,,C = CAP OF CAP-AND-BOLT PAIR,17 = SET INTO TOP OF METAL PIPE DRIVEN INTO GROUND,
,20260103,http://www.ngs.noaa.gov/cgi-bin/ds_mark.prl?PidBox=MJ0162,MJ0162,1199,,,,IA,CASS,WIOTA (2018),41 23 56.     (N),094 53 18.     (W),41.3988888889,-94.8883333333,,NAD 83,(1986),,SCALED,365.608,NAVD 88,,ADJUSTED,-27.779,GEOID18,365.474,980245.7,,,,,,,,1,2,,,,IA S,156270.,383910.,,,,,,,,D,1905,1941,GOOD,CGS,,P = PIPE CAP,17 = SET INTO TOP OF METAL PIPE DRIVEN INTO GROUND,1199.069
,20260103,http://www.ngs.noaa.gov/cgi-bin/ds_mark.prl?PidBox=MG0518,MG0518,12,,,,IA,JOHNSON,IOWA CITY WEST (2018),41 37 57.     (N),091 32 28.     (W),41.6325000000,-91.5411111111,,NAD 83,(1986),,SCALED,197.893,NAVD 88,,ADJUSTED,-32.641,GEOID18,197.817,980237.4,,,,,,,,1,2,,,,IA S,183130.,663210.,,,,,,,,C,1934,19980106,MARK NOT FOUND,NGS,,I = METAL ROD,32 = SET IN A RETAINING WALL OR CONCRETE LEDGE,
,20260103,http://www.ngs.noaa.gov/cgi-bin/ds_mark.prl?PidBox=AA3904,AA3904,12 RESET,,,,IA,KEOKUK,PEKIN (2018),41 10 36.6    (N),092 14 09.9    (W),41.1768333333,-92.2360833333,,NAD 83,(1986),,HD_HELD2,197.73,NAVD 88,,VERTCON3,-32.641,GEOID18,,,,,,,,,,,,,,,IA S,131456.,606046.,,,,,,,,D,1975,20170627,GOOD,INDIV,Y,DV = VERTICAL CONTROL DISK,0 = UNSPECIFIED SETTING,NO 12 RESET 1975
,20260103,http://www.ngs.noaa.gov/cgi-bin/ds_mark.prl?PidBox=MJ0575,MJ0575,1201,,,,IA,POTTAWATTAMIE,NEOLA (2018),41 28 03.     (N),095 32 17.     (W),41.4675000000,-95.5380555556,,NAD 83,(1986),,SCALED,366.260,NAVD 88,,ADJUSTED,-28.451,GEOID18,366.099,980175.2,,,,,,,,1,2,,,,IA S,164960.,329770.,,,,,,,,B,1905,1948,GOOD,CGS,,DB = BENCH MARK DISK,36 = SET IN A MASSIVE STRUCTURE,ELEV 1201.054 FT
,20260103,http://www.ngs.noaa.gov/cgi-bin/ds_mark.prl?PidBox=MJ0015,MJ0015,1206,,,,IA,GUTHRIE,STUART NORTH (2018),41 30 20.     (N),094 18 55.     (W),41.5055555556,-94.3152777778,,NAD 83,(1986),,SCALED,367.700,NAVD 88,,ADJUSTED,-29.341,GEOID18,367.545,980191.6,,,,,,,,1,2,,,,IA S,167510.,431940.,,,,,,,,B,1905,1981,GOOD,LOCENG,,DB = BENCH MARK DISK,36 = SET IN A MASSIVE STRUCTURE,1205.995
,20260103,http://www.ngs.noaa.gov/cgi-bin/ds_mark.prl?PidBox=MJ1457,MJ1457,1206 RESET,,,,IA,GUTHRIE,STUART NORTH (2018),41 30 14.10   (N),094 18 56.70   (W),41.5039166667,-94.3157500000,,NAD 83,(1986),,HD_HELD1,366.72,NAVD 88,,RESET,-29.348,GEOID18,,,,,,,,,,3,,,,,IA S,167329.2,431895.7,,,,,,,,C,1984,1984,MONUMENTED,NGS,,DV = VERTICAL CONTROL DISK,35 = SET IN A MAT FOUNDATION OR CONCRETE SLAB OTHER THAN PAVEMENT,1206 USGS RESET 1984
,20260103,http://www.ngs.noaa.gov/cgi-bin/ds_mark.prl?PidBox=MJ0014,MJ0014,1210,,,,IA,GUTHRIE,STUART NORTH (2018),41 30 12.     (N),094 19 08.     (W),41.5033333333,-94.3188888889,,NAD 83,(1986),,SCALED,368.935,NAVD 88,,ADJUSTED,-29.333,GEOID18,368.779,980191.3,,,,,,,,1,2,,,,IA S,167270.,431630.,,,,,,,,D,1905,1981,GOOD,LOCENG,,P = PIPE CAP,17 = SET INTO TOP OF METAL PIPE DRIVEN INTO GROUND,1210.099
,20260103,http://www.ngs.noaa.gov/cgi-bin/ds_mark.prl?PidBox=NL0154,NL0154,1211.6,,,,IA,SAC,SAC CITY EAST (2018),42 25 18.     (N),094 59 17.     (W),42.4216666667,-94.9880555556,,NAD 83,(1986),,SCALED,369.395,NAVD 88,,ADJUSTED,-28.880,GEOID18,369.263,980254.2,,,,,,,,2,0,,,,IA N,1103450.,1377540.,,,,,,,,C,UNK,20191126,MARK NOT FOUND,IADT,,B = BOLT,7 = SET IN TOP OF CONCRETE MONUMENT,
,20260103,http://www.ngs.noaa.gov/cgi-bin/ds_mark.prl?PidBox=MJ0423,MJ0423,1215 RESET,,,,IA,CASS,ATLANTIC (2018),41 24 16.3    (N),095 00 48.5    (W),41.4045277778,-95.0134722222,,NAD 83,(1986),,HD_HELD2,367.605,NAVD 88,,ADJUSTED,-27.679,GEOID18,367.472,980249.0,,,,,,,,1,2,,,,IA S,157073.,373458.,,,,,,,,D,UNK,1950,GOOD,CGS,,DB = BENCH MARK DISK,31 = SET IN A PAVEMENT SUCH AS STREET SIDEWALK CURB ETC.,1215 RESET USGS
,20260103,http://www.ngs.noaa.gov/cgi-bin/ds_mark.prl?PidBox=MJ0168,MJ0168,1232,,,,IA,CASS,ANITA (2018),41 25 35.     (N),094 48 52.     (W),41.4263888889,-94.8144444444,,NAD 83,(1986),,SCALED,375.674,NAVD 88,,ADJUSTED,-27.765,GEOID18,375.535,980241.4,,,,,,,,1,2,,,,IA S,159230.,390130.,,,,,,,,C,1905,1950,GOOD,CGS,,DB = BENCH MARK DISK,32 = SET IN A RETAINING WALL OR CONCRETE LEDGE,1232.055
,20260103,http://www.ngs.noaa.gov/cgi-bin/ds_mark.prl?PidBox=NM0148,NM0148,124,,,,IA,WOODBURY,SERGEANT BLUFF (2018),42 22 58.     (N),096 20 27.     (W),42.3827777778,-96.3408333333,,NAD 83,(1986),,SCALED,332.353,NAVD 88,,ADJUSTED,-26.215,GEOID18,332.246,980291.2,,,,,,,,1,2,,,,IA N,1101990.,1266110.,,,,,,,,D,1934,19890911,MARK NOT FOUND,NGS,,DD = SURVEY DISK,9 = POST (STONE OR PRECAST CONCRETE),124 97
,20260103,http://www.ngs.noaa.gov/cgi-bin/ds_mark.prl?PidBox=MJ0204,MJ0204,1249,,,,IA,GUTHRIE,CASEY (2018),41 30 20.     (N),094 31 10.     (W),41.5055555556,-94.5194444444,,NAD 83,(1986),,SCALED,380.787,NAVD 88,,ADJUSTED,-28.299,GEOID18,380.642,980230.2,,,,,,,,1,2,,,,IA S,167690.,414890.,,,,,,,,D,1905,20150225,MARK NOT FOUND,IADT,,P = PIPE CAP,17 = SET INTO TOP OF METAL PIPE DRIVEN INTO GROUND,1248.882
,20260103,http://www.ngs.noaa.gov/cgi-bin/ds_mark.prl?PidBox=ON0491,ON0491,1251,,,,IA,WINNESHIEK,CASTALIA (2018),43 06 57.     (N),091 40 57.     (W),43.1158333333,-91.6825000000,,NAD 83,(1986),,SCALED,381.536,NAVD 88,,ADJUSTED,-30.471,GEOID18,381.441,980359.7,,,,,,,,2,0,,,,IA N,1181080.,1647910.,,,,,,,,D,1902,1984,MARK NOT FOUND,NGS,,P = PIPE CAP,17 = SET INTO TOP OF METAL PIPE DRIVEN INTO GROUND,1251 DBQ
,20260103,http://www.ngs.noaa.gov/cgi-bin/ds_mark.prl?PidBox=NM0142,NM0142,126,,,,IA,WOODBURY,SALIX (2018),42 21 20.     (N),096 19 16.     (W),42.3555555556,-96.3211111111,,NAD 83,(1986),,SCALED,330.916,NAVD 88,,ADJUSTED,-26.246,GEOID18,330.811,980294.7,,,,,,,,1,2,,,,IA N,1098910.,1267630.,,,,,,,,D,1934,19890911,MARK NOT FOUND,NGS,,DD = SURVEY DISK,9 = POST (STONE OR PRECAST CONCRETE),126 97
,20260103,http://www.ngs.noaa.gov/cgi-bin/ds_mark.prl?PidBox=MJ1001,MJ1001,126/2 BOLT,,,,IA,HARRISON,MISSOURI VALLEY (2018),41 31 16.4    (N),095 58 31.4    (W),41.5212222222,-95.9753888889,,NAD 83,(1986),,HD_HELD2,304.418,NAVD 88,,ADJUSTED,-28.600,GEOID18,304.277,980155.0,,,,,,,,2,0,,,,IA S,171871.,293417.,,,,,,,,D,UNK,1948,GOOD,CGS,,B = BOLT,31 = SET IN A PAVEMENT SUCH AS STREET SIDEWALK CURB ETC.,
,20260103,http://www.ngs.noaa.gov/cgi-bin/ds_mark.prl?PidBox=MJ1002,MJ1002,126/2 CAP,,,,IA,HARRISON,MISSOURI VALLEY (2018),41 31 16.4    (N),095 58 31.4    (W),41.5212222222,-95.9753888889,,NAD 83,(1986),,HD_HELD2,305.660,NAVD 88,,ADJUSTED,-28.600,GEOID18,305.519,980155.0,,,,,,,,2,0,,,,IA S,171871.,293417.,,,,,,,,D,UNK,1948,GOOD,CGS,,C = CAP OF CAP-AND-BOLT PAIR,17 = SET INTO TOP OF METAL PIPE DRIVEN INTO GROUND,
,20260103,http://www.ngs.noaa.gov/cgi-bin/ds_mark.prl?PidBox=ON0488,ON0488,1263,,,,IA,WINNESHIEK,CALMAR (2018),43 08 38.     (N),091 45 36.     (W),43.1438888889,-91.7600000000,,NAD 83,(1986),,SCALED,385.245,NAVD 88,,ADJUSTED,-30.394,GEOID18,385.149,980358.8,,,,,,,,2,0,,,,IA N,1184060.,1641540.,,,,,,,,D,1902,1984,MARK NOT FOUND,NGS,,P = PIPE CAP,17 = SET INTO TOP OF METAL PIPE DRIVEN INTO GROUND,1263 DBQ
,20260103,http://www.ngs.noaa.gov/cgi-bin/ds_mark.prl?PidBox=NM0141,NM0141,127,,,,IA,WOODBURY,SALIX (2018),42 20 34.     (N),096 18 41.     (W),42.3427777778,-96.3113888889,,NAD 83,(1986),,SCALED,332.271,NAVD 88,,ADJUSTED,-26.264,GEOID18,332.165,980292.6,,,,,,,,1,2,,,,IA N,1097460.,1268380.,,,,,,,,D,1934,19890911,GOOD,NGS,Y,DD = SURVEY DISK,9 = POST (STONE OR PRECAST CONCRETE),127 97
,20260103,http://www.ngs.noaa.gov/cgi-bin/ds_mark.prl?PidBox=NM0136,NM0136,128,,,,IA,WOODBURY,SALIX (2018),42 19 48.     (N),096 18 06.     (W),42.3300000000,-96.3016666667,,NAD 83,(1986),,SCALED,329.566,NAVD 88,,ADJUSTED,-26.285,GEOID18,329.460,980290.6,,,,,,,,1,2,,,,IA N,1096020.,1269130.,,,,,,,,D,1934,19890911,MARK NOT FOUND,NGS,,DD = SURVEY DISK,9 = POST (STONE OR PRECAST CONCRETE),128 97
,20260103,http://www.ngs.noaa.gov/cgi-bin/ds_mark.prl?PidBox=MJ0406,MJ0406,1285,,,,IA,POTTAWATTAMIE,WALNUT (2018),41 28 29.     (N),095 13 25.     (W),41.4747222222,-95.2236111111,,NAD 83,(1986),,SCALED,391.918,NAVD 88,,ADJUSTED,-27.917,GEOID18,391.764,980217.8,,,,,,,,1,2,,,,IA S,165190.,356040.,,,,,,,,D,1905,1941,GOOD,CGS,,P = PIPE CAP,17 = SET INTO TOP OF METAL PIPE DRIVEN INTO GROUND,1285.034
,20260103,http://www.ngs.noaa.gov/cgi-bin/ds_mark.prl?PidBox=NM0135,NM0135,129,,,,IA,WOODBURY,SALIX (2018),42 18 56.     (N),096 17 27.     (W),42.3155555556,-96.2908333333,,NAD 83,(1986),,SCALED,329.100,NAVD 88,,ADJUSTED,-26.312,GEOID18,328.993,980288.4,,,,,,,,1,2,,,,IA N,1094390.,1269970.,,,,,,,,D,1934,1964,MARK NOT FOUND,USGS,,DD = SURVEY DISK,9 = POST (STONE OR PRECAST CONCRETE),129 97
,20260103,http://www.ngs.noaa.gov/cgi-bin/ds_mark.prl?PidBox=MK0249,MK0249,129/3 BOLT,,,,IA,HARRISON,MONDAMIN (2018),41 41 10.     (N),096 04 45.     (W),41.6861111111,-96.0791666667,,NAD 83,(1986),,SCALED,309.055,NAVD 88,,ADJUSTED,-28.050,GEOID18,308.925,980193.7,,,,,,,,2,0,,,,IA S,190430.,285300.,,,,,,,,D,UNK,1974,MARK NOT FOUND,LOCSUR,,B = BOLT,31 = SET IN A PAVEMENT SUCH AS STREET SIDEWALK CURB ETC.,
,20260103,http://www.ngs.noaa.gov/cgi-bin/ds_mark.prl?PidBox=MK0250,MK0250,129/3 CAP,,,,IA,HARRISON,MONDAMIN (2018),41 41 10.     (N),096 04 45.     (W),41.6861111111,-96.0791666667,,NAD 83,(1986),,SCALED,310.305,NAVD 88,,ADJUSTED,-28.050,GEOID18,310.174,980193.7,,,,,,,,2,0,,,,IA S,190430.,285300.,,,,,,,,D,UNK,1974,MARK NOT FOUND,LOCSUR,,C = CAP OF CAP-AND-BOLT PAIR,17 = SET INTO TOP OF METAL PIPE DRIVEN INTO GROUND,
,20260103,http://www.ngs.noaa.gov/cgi-bin/ds_mark.prl?PidBox=MJ0356,MJ0356,1294,,,,IA,SHELBY,SHELBY (2018),41 30 54.     (N),095 27 09.     (W),41.5150000000,-95.4525000000,,NAD 83,(1986),,SCALED,394.684,NAVD 88,,ADJUSTED,-28.562,GEOID18,394.509,980166.2,,,,,,,,1,2,,,,IA S,170070.,337030.,,,,,,,,D,1905,1949,GOOD,CGS,,P = PIPE CAP,17 = SET INTO TOP OF METAL PIPE DRIVEN INTO GROUND,1294.341
,20260103,http://www.ngs.noaa.gov/cgi-bin/ds_mark.prl?PidBox=MG0519,MG0519,13,,,,IA,JOHNSON,IOWA CITY WEST (2018),41 38 34.     (N),091 32 22.     (W),41.6427777778,-91.5394444444,,NAD 83,(1986),,SCALED,196.531,NAVD 88,,ADJUSTED,-32.636,GEOID18,196.456,980237.8,,,,,,,,1,2,,,,IA S,184270.,663320.,,,,,,,,C,1934,19980106,MARK NOT FOUND,NGS,,I = METAL ROD,32 = SET IN A RETAINING WALL OR CONCRETE LEDGE,
,20260103,http://www.ngs.noaa.gov/cgi-bin/ds_mark.prl?PidBox=MJ1161,MJ1161,130,,,,IA,CRAWFORD,MANILLA (2018),41 56 30.50523(N),095 09 01.75195(W),41.9418070083,-95.1504866528,,NAD 83,(1996),,ADJUSTED,465.,NAVD 88,,SCALED,-29.428,GEOID18,,,,,,,,,2,,,,,,IA N,1050410.703,1363136.678,-1 07 07.0,0.99995667,15,4645551.706,321735.098,-1 26 15.8,0.99999105,D,1934,1973,GOOD,NGS,,DD = SURVEY DISK,9 = POST (STONE OR PRECAST CONCRETE),130
,20260103,http://www.ngs.noaa.gov/cgi-bin/ds_mark.prl?PidBox=MK0179,MK0179,132/3 BOLT,,,,IA,HARRISON,LITTLE SIOUX (2018),41 51 57.     (N),096 07 21.     (W),41.8658333333,-96.1225000000,,NAD 83,(1986),,SCALED,314.388,NAVD 88,,ADJUSTED,-27.385,GEOID18,314.268,980231.8,,,,,,,,2,0,,,,IA S,210490.,282300.,,,,,,,,D,UNK,1970,MARK NOT FOUND,USGS,,B = BOLT,31 = SET IN A PAVEMENT SUCH AS STREET SIDEWALK CURB ETC.,
,20260103,http://www.ngs.noaa.gov/cgi-bin/ds_mark.prl?PidBox=MK0180,MK0180,132/3 CAP,,,,IA,HARRISON,LITTLE SIOUX (2018),41 51 58.     (N),096 07 21.     (W),41.8661111111,-96.1225000000,,NAD 83,(1986),,SCALED,315.651,NAVD 88,,ADJUSTED,-27.385,GEOID18,315.530,980231.8,,,,,,,,2,0,,,,IA S,210520.,282300.,,,,,,,,D,UNK,1970,MARK NOT FOUND,USGS,,C = CAP OF CAP-AND-BOLT PAIR,17 = SET INTO TOP OF METAL PIPE DRIVEN INTO GROUND,
,20260103,http://www.ngs.noaa.gov/cgi-bin/ds_mark.prl?PidBox=NM0288,NM0288,138/2 BOLT,,,,IA,MONONA,ALBATON (2018),42 10 00.     (N),096 18 34.     (W),42.1666666667,-96.3094444444,,NAD 83,(1986),,SCALED,325.294,NAVD 88,,ADJUSTED,-26.342,GEOID18,325.183,980271.8,,,,,,,,2,0,,,,IA N,1077910.,1267890.,,,,,,,,D,1892,1948,GOOD,CGS,,B = BOLT,31 = SET IN A PAVEMENT SUCH AS STREET SIDEWALK CURB ETC.,
,20260103,http://www.ngs.noaa.gov/cgi-bin/ds_mark.prl?PidBox=NM0287,NM0287,138/2 CAP,,,,IA,MONONA,ALBATON (2018),42 09 59.     (N),096 18 34.     (W),42.1663888889,-96.3094444444,,NAD 83,(1986),,SCALED,326.536,NAVD 88,,ADJUSTED,-26.342,GEOID18,326.425,980271.8,,,,,,,,2,0,,,,IA N,1077880.,1267890.,,,,,,,,D,1892,1948,GOOD,CGS,,C = CAP OF CAP-AND-BOLT PAIR,17 = SET INTO TOP OF METAL PIPE DRIVEN INTO GROUND,
,20260103,http://www.ngs.noaa.gov/cgi-bin/ds_mark.prl?PidBox=MG0550,MG0550,14,,,,IA,JOHNSON,ELY (2018),41 45 13.     (N),091 36 11.     (W),41.7536111111,-91.6030555556,,NAD 83,(1986),,SCALED,235.457,NAVD 88,,ADJUSTED,-32.555,GEOID18,235.367,980234.1,,,,,,,,1,2,,,,IA S,196460.,657760.,,,,,,,,C,1934,19980106,MARK NOT FOUND,NGS,,I = METAL ROD,32 = SET IN A RETAINING WALL OR CONCRETE LEDGE,
,20260103,http://www.ngs.noaa.gov/cgi-bin/ds_mark.prl?PidBox=MJ0352,MJ0352,14 25,,,,IA,CARROLL,MANNING (2018),41 54 02.     (N),095 02 05.     (W),41.9005555556,-95.0347222222,,NAD 83,(1986),,SCALED,418.971,NAVD 88,,ADJUSTED,-29.056,GEOID18,418.784,980164.1,,,,,,,,2,0,,,,IA N,1045650.,1372650.,,,,,,,,D,1934,1975,POOR,USGS,,DD = SURVEY DISK,9 = POST (STONE OR PRECAST CONCRETE),14 25
,20260103,http://www.ngs.noaa.gov/cgi-bin/ds_mark.prl?PidBox=MJ0353,MJ0353,14 27,,,,IA,CARROLL,MANNING (2018),41 54 24.     (N),095 03 38.     (W),41.9066666667,-95.0605555556,,NAD 83,(1986),,SCALED,406.646,NAVD 88,,ADJUSTED,-29.171,GEOID18,406.462,980156.8,,,,,,,,2,0,,,,IA N,1046370.,1370520.,,,,,,,,D,1934,1975,MARK NOT FOUND,USGS,,DD = SURVEY DISK,9 = POST (STONE OR PRECAST CONCRETE),14-27
,20260103,http://www.ngs.noaa.gov/cgi-bin/ds_mark.prl?PidBox=NM0249,NM0249,140/2 BOLT,,,,IA,WOODBURY,SALIX (2018),42 18 25.     (N),096 18 35.     (W),42.3069444444,-96.3097222222,,NAD 83,(1986),,SCALED,328.707,NAVD 88,,ADJUSTED,-26.263,GEOID18,328.600,980288.6,,,,,,,,2,0,,,,IA N,1093480.,1268390.,,,,,,,,D,UNK,1948,GOOD,CGS,,B = BOLT,31 = SET IN A PAVEMENT SUCH AS STREET SIDEWALK CURB ETC.,
,20260103,http://www.ngs.noaa.gov/cgi-bin/ds_mark.prl?PidBox=NM0248,NM0248,140/2 CAP,,,,IA,WOODBURY,SALIX (2018),42 18 25.     (N),096 18 35.     (W),42.3069444444,-96.3097222222,,NAD 83,(1986),,SCALED,329.952,NAVD 88,,ADJUSTED,-26.263,GEOID18,329.845,980288.6,,,,,,,,2,0,,,,IA N,1093480.,1268390.,,,,,,,,D,UNK,1948,GOOD,CGS,,P = PIPE CAP,17 = SET INTO TOP OF METAL PIPE DRIVEN INTO GROUND,
,20260103,http://www.ngs.noaa.gov/cgi-bin/ds_mark.prl?PidBox=MG0551,MG0551,15,,,,IA,JOHNSON,ELY (2018),41 46 06.     (N),091 37 07.     (W),41.7683333333,-91.6186111111,,NAD 83,(1986),,SCALED,238.303,NAVD 88,,ADJUSTED,-32.539,GEOID18,238.211,980234.0,,,,,,,,1,2,,,,IA S,198070.,656430.,,,,,,,,C,1934,19980106,MARK NOT FOUND,NGS,,I = METAL ROD,32 = SET IN A RETAINING WALL OR CONCRETE LEDGE,
,20260103,http://www.ngs.noaa.gov/cgi-bin/ds_mark.prl?PidBox=MJ0171,MJ0171,15 17,,,,IA,CASS,ANITA (2018),41 26 16.     (N),094 46 35.     (W),41.4377777778,-94.7763888889,,NAD 83,(1986),,SCALED,387.364,NAVD 88,,ADJUSTED,-27.784,GEOID18,387.220,980239.7,,,,,,,,1,2,,,,IA S,160450.,393330.,,,,,,,,D,1934,1969,MARK NOT FOUND,USGS,,DD = SURVEY DISK,9 = POST (STONE OR PRECAST CONCRETE),15 17
,20260103,http://www.ngs.noaa.gov/cgi-bin/ds_mark.prl?PidBox=AA3906,AA3906,15 174 RESET,,,,IA,CASS,WIOTA (2018),41 24 14.     (N),094 58 16.     (W),41.4038888889,-94.9711111111,,NAD 83,(1986),,SCALED,383.39,NAVD 88,,VERTCON3,-27.692,GEOID18,,,,,,,,,,,,,,,IA S,156940.,377000.,,,,,,,,D,1979,1979,MONUMENTED,NGS,,DV = VERTICAL CONTROL DISK,0 = UNSPECIFIED SETTING,15-174 IAGS RESET 1979
,20260103,http://www.ngs.noaa.gov/cgi-bin/ds_mark.prl?PidBox=MJ0154,MJ0154,15 175,,,,IA,CASS,WIOTA (2018),41 24 10.     (N),094 59 01.     (W),41.4027777778,-94.9836111111,,NAD 83,(1986),,SCALED,379.887,NAVD 88,,ADJUSTED,-27.690,GEOID18,379.750,980248.8,,,,,,,,1,2,,,,IA S,156840.,375950.,,,,,,,,D,1934,1950,GOOD,CGS,,DD = SURVEY DISK,9 = POST (STONE OR PRECAST CONCRETE),15 175
,20260103,http://www.ngs.noaa.gov/cgi-bin/ds_mark.prl?PidBox=MJ0170,MJ0170,15 18,,,,IA,CASS,ANITA (2018),41 26 07.     (N),094 47 10.     (W),41.4352777778,-94.7861111111,,NAD 83,(1986),,SCALED,378.543,NAVD 88,,ADJUSTED,-27.776,GEOID18,378.402,980240.2,,,,,,,,1,2,,,,IA S,160180.,392520.,,,,,,,,D,1934,1950,GOOD,CGS,,DD = SURVEY DISK,9 = POST (STONE OR PRECAST CONCRETE),15 18
,20260103,http://www.ngs.noaa.gov/cgi-bin/ds_mark.prl?PidBox=MJ0161,MJ0161,15 56,,,,IA,CASS,WIOTA (2018),41 24 12.     (N),094 53 29.     (W),41.4033333333,-94.8913888889,,NAD 83,(1986),,SCALED,387.647,NAVD 88,,ADJUSTED,-27.756,GEOID18,387.507,980247.1,,,,,,,,1,2,,,,IA S,156770.,383660.,,,,,,,,D,1934,1950,GOOD,CGS,,DD = SURVEY DISK,9 = POST (STONE OR PRECAST CONCRETE),15 56
,20260103,http://www.ngs.noaa.gov/cgi-bin/ds_mark.prl?PidBox=MJ0160,MJ0160,15 57,,,,IA,CASS,WIOTA (2018),41 24 13.     (N),094 54 23.     (W),41.4036111111,-94.9063888889,,NAD 83,(1986),,SCALED,396.178,NAVD 88,,ADJUSTED,-27.739,GEOID18,396.035,980247.6,,,,,,,,1,2,,,,IA S,156820.,382410.,,,,,,,,D,1934,1969,MARK NOT FOUND,USGS,,DD = SURVEY DISK,9 = POST (STONE OR PRECAST CONCRETE),15 57
,20260103,http://www.ngs.noaa.gov/cgi-bin/ds_mark.prl?PidBox=MJ0157,MJ0157,15 59,,,,IA,CASS,WIOTA (2018),41 24 12.     (N),094 56 39.     (W),41.4033333333,-94.9441666667,,NAD 83,(1986),,SCALED,397.359,NAVD 88,,ADJUSTED,-27.709,GEOID18,397.215,980248.4,,,,,,,,1,2,,,,IA S,156840.,379250.,,,,,,,,D,1934,19790403,GOOD,IAHD,,DD = SURVEY DISK,9 = POST (STONE OR PRECAST CONCRETE),15 59
,20260103,http://www.ngs.noaa.gov/cgi-bin/ds_mark.prl?PidBox=AA3898,AA3898,15 59 RESET,,,,IA,CASS,WIOTA (2018),41 24 12.     (N),094 56 39.     (W),41.4033333333,-94.9441666667,,NAD 83,(1986),,SCALED,397.48,NAVD 88,,VERTCON3,-27.709,GEOID18,,,,,,,,,,,,,,,IA S,156840.,379250.,,,,,,,,C,1979,1979,MONUMENTED,NGS,,DV = VERTICAL CONTROL DISK,7 = SET IN TOP OF CONCRETE MONUMENT,15-59 IAGS RESET 1979
,20260103,http://www.ngs.noaa.gov/cgi-bin/ds_mark.prl?PidBox=MJ0164,MJ0164,15 60,,,,IA,CASS,ANITA (2018),41 24 44.     (N),094 51 33.     (W),41.4122222222,-94.8591666667,,NAD 83,(1986),,SCALED,375.474,NAVD 88,,ADJUSTED,-27.759,GEOID18,375.336,980244.4,,,,,,,,1,2,,,,IA S,157710.,386370.,,,,,,,,D,1934,1950,GOOD,CGS,,DD = SURVEY DISK,9 = POST (STONE OR PRECAST CONCRETE),15 60
,20260103,http://www.ngs.noaa.gov/cgi-bin/ds_mark.prl?PidBox=MJ0166,MJ0166,15 61,,,,IA,CASS,ANITA (2018),41 25 21.     (N),094 49 37.     (W),41.4225000000,-94.8269444444,,NAD 83,(1986),,SCALED,377.880,NAVD 88,,ADJUSTED,-27.761,GEOID18,377.740,980242.1,,,,,,,,1,2,,,,IA S,158810.,389080.,,,,,,,,D,1934,1969,MARK NOT FOUND,USGS,,DD = SURVEY DISK,9 = POST (STONE OR PRECAST CONCRETE),15 61
,20260103,http://www.ngs.noaa.gov/cgi-bin/ds_mark.prl?PidBox=MJ0167,MJ0167,15 62,,,,IA,CASS,ANITA (2018),41 25 34.     (N),094 48 59.     (W),41.4261111111,-94.8163888889,,NAD 83,(1986),,SCALED,376.397,NAVD 88,,ADJUSTED,-27.762,GEOID18,376.257,980241.6,,,,,,,,1,2,,,,IA S,159200.,389970.,,,,,,,,D,1934,1950,GOOD,CGS,,DD = SURVEY DISK,9 = POST (STONE OR PRECAST CONCRETE),15 62
,20260103,http://www.ngs.noaa.gov/cgi-bin/ds_mark.prl?PidBox=DH3926,DH3926,15 WL,,,,IA,EMMET,WILLMERT LAKE (2019),43 30 01.34011(N),094 29 32.28774(W),43.5003722528,-94.4923021500,349.429,NAD 83,(2011),2010.00,ADJUSTED,377.7,NAVD 88,,GPS OBS,-28.268,GEOID18,,,0.68,0.71,0.30,0.25,0.36,-0.06167996,,,,-362967.964,-4619880.698,4368232.298,IA N,1222678.422,1419744.134,-0 40 21.1,0.99999629,15,4817464.347,379355.839,-1 01 38.5,0.99977904,D,1965,20180613,GOOD,MNDT,Y,DD = SURVEY DISK,9 = POST (STONE OR PRECAST CONCRETE),15 WL 1965
,20260103,http://www.ngs.noaa.gov/cgi-bin/ds_mark.prl?PidBox=MJ0366,MJ0366,157,,,,IA,SHELBY,DEFIANCE (2018),41 47 32.     (N),095 19 31.     (W),41.7922222222,-95.3252777778,,NAD 83,(1986),,SCALED,385.384,NAVD 88,,ADJUSTED,-29.484,GEOID18,385.200,980134.5,,,,,,,,2,0,,,,IA S,200620.,348290.,,,,,,,,D,1934,1949,GOOD,CGS,,DD = SURVEY DISK,9 = POST (STONE OR PRECAST CONCRETE),157
,20260103,http://www.ngs.noaa.gov/cgi-bin/ds_mark.prl?PidBox=MG0552,MG0552,16,,,,IA,JOHNSON,SWISHER (2018),41 46 32.     (N),091 37 43.     (W),41.7755555556,-91.6286111111,,NAD 83,(1986),,SCALED,229.918,NAVD 88,,ADJUSTED,-32.530,GEOID18,229.830,980233.9,,,,,,,,1,2,,,,IA S,198850.,655580.,,,,,,,,C,1934,19980106,MARK NOT FOUND,NGS,,I = METAL ROD,32 = SET IN A RETAINING WALL OR CONCRETE LEDGE,
,20260103,http://www.ngs.noaa.gov/cgi-bin/ds_mark.prl?PidBox=MG0553,MG0553,17,,,,IA,JOHNSON,SWISHER (2018),41 46 49.     (N),091 37 56.     (W),41.7802777778,-91.6322222222,,NAD 83,(1986),,SCALED,228.086,NAVD 88,,ADJUSTED,-32.525,GEOID18,227.998,980234.0,,,,,,,,1,2,,,,IA S,199370.,655270.,,,,,,,,C,1934,19980106,MARK NOT FOUND,NGS,,I = METAL ROD,32 = SET IN A RETAINING WALL OR CONCRETE LEDGE,
,20260103,http://www.ngs.noaa.gov/cgi-bin/ds_mark.prl?PidBox=OO0579,OO0579,17 1,,,,IA,CERRO GORDO,CLEAR LAKE WEST (2018),43 07 38.     (N),093 29 46.     (W),43.1272222222,-93.4961111111,,NAD 83,(1986),,SCALED,387.070,NAVD 88,,ADJUSTED,-28.864,GEOID18,386.964,980336.6,,,,,,,,1,2,,,,IA N,1180750.,1500320.,,,,,,,,D,1934,1934,MONUMENTED,IOWAGS,,DD = SURVEY DISK,9 = POST (STONE OR PRECAST CONCRETE),17-1
,20260103,http://www.ngs.noaa.gov/cgi-bin/ds_mark.prl?PidBox=OO0588,OO0588,17 10,,,,IA,CERRO GORDO,CLEAR LAKE WEST (2018),43 08 08.     (N),093 24 49.     (W),43.1355555556,-93.4136111111,,NAD 83,(1986),,SCALED,379.110,NAVD 88,,ADJUSTED,-28.493,GEOID18,379.021,980374.6,,,,,,,,1,2,,,,IA N,1181680.,1507030.,,,,,,,,D,1934,1972,MARK NOT FOUND,USGS,,DD = SURVEY DISK,9 = POST (STONE OR PRECAST CONCRETE),17-10
,20260103,http://www.ngs.noaa.gov/cgi-bin/ds_mark.prl?PidBox=OO0589,OO0589,17 11,,,,IA,CERRO GORDO,CLEAR LAKE WEST (2018),43 08 13.     (N),093 24 41.     (W),43.1369444444,-93.4113888889,,NAD 83,(1986),,SCALED,379.859,NAVD 88,,ADJUSTED,-28.489,GEOID18,379.770,980375.3,,,,,,,,1,2,,,,IA N,1181830.,1507210.,,,,,,,,D,1934,1972,MARK NOT FOUND,USGS,,DD = SURVEY DISK,9 = POST (STONE OR PRECAST CONCRETE),17-11
,20260103,http://www.ngs.noaa.gov/cgi-bin/ds_mark.prl?PidBox=OO0608,OO0608,17 117,,,,IA,CERRO GORDO,CLEAR LAKE EAST (2018),43 08 54.     (N),093 15 39.     (W),43.1483333333,-93.2608333333,,NAD 83,(1986),,SCALED,356.505,NAVD 88,,ADJUSTED,-28.237,GEOID18,356.440,980425.2,,,,,,,,1,2,,,,IA N,1183120.,1519450.,,,,,,,,D,1934,1957,MARK NOT FOUND,USGS,,DD = SURVEY DISK,9 = POST (STONE OR PRECAST CONCRETE),17-117
,20260103,http://www.ngs.noaa.gov/cgi-bin/ds_mark.prl?PidBox=OO0590,OO0590,17 12,,,,IA,CERRO GORDO,CLEAR LAKE WEST (2018),43 08 20.     (N),093 24 31.     (W),43.1388888889,-93.4086111111,,NAD 83,(1986),,SCALED,377.368,NAVD 88,,ADJUSTED,-28.485,GEOID18,377.280,980376.1,,,,,,,,1,2,,,,IA N,1182050.,1507440.,,,,,,,,D,1934,1972,MARK NOT FOUND,USGS,,DD = SURVEY DISK,9 = POST (STONE OR PRECAST CONCRETE),17-12
,20260103,http://www.ngs.noaa.gov/cgi-bin/ds_mark.prl?PidBox=OO0607,OO0607,17 120,,,,IA,CERRO GORDO,CLEAR LAKE EAST (2018),43 08 54.     (N),093 17 48.     (W),43.1483333333,-93.2966666667,,NAD 83,(1986),,SCALED,363.693,NAVD 88,,ADJUSTED,-28.237,GEOID18,363.624,980418.5,,,,,,,,1,2,,,,IA N,1183120.,1516540.,,,,,,,,D,1934,1957,MARK NOT FOUND,USGS,,DD = SURVEY DISK,9 = POST (STONE OR PRECAST CONCRETE),17-120
,20260103,http://www.ngs.noaa.gov/cgi-bin/ds_mark.prl?PidBox=OO0606,OO0606,17 121,,,,IA,CERRO GORDO,CLEAR LAKE EAST (2018),43 08 53.     (N),093 18 16.     (W),43.1480555556,-93.3044444444,,NAD 83,(1986),,SCALED,358.991,NAVD 88,,ADJUSTED,-28.243,GEOID18,358.922,980416.2,,,,,,,,1,2,,,,IA N,1183080.,1515910.,,,,,,,,D,1934,1957,MARK NOT FOUND,USGS,,DD = SURVEY DISK,9 = POST (STONE OR PRECAST CONCRETE),17-121
,20260103,http://www.ngs.noaa.gov/cgi-bin/ds_mark.prl?PidBox=OO0605,OO0605,17 122,,,,IA,CERRO GORDO,CLEAR LAKE EAST (2018),43 08 54.     (N),093 18 45.     (W),43.1483333333,-93.3125000000,,NAD 83,(1986),,SCALED,360.828,NAVD 88,,ADJUSTED,-28.252,GEOID18,360.757,980413.4,,,,,,,,1,2,,,,IA N,1183110.,1515250.,,,,,,,,D,1934,1972,MARK NOT FOUND,USGS,,DD = SURVEY DISK,9 = POST (STONE OR PRECAST CONCRETE),17-122
,20260103,http://www.ngs.noaa.gov/cgi-bin/ds_mark.prl?PidBox=OO0604,OO0604,17 123,,,,IA,CERRO GORDO,CLEAR LAKE EAST (2018),43 08 53.     (N),093 19 19.     (W),43.1480555556,-93.3219444444,,NAD 83,(1986),,SCALED,362.021,NAVD 88,,ADJUSTED,-28.265,GEOID18,361.949,980410.1,,,,,,,,1,2,,,,IA N,1183080.,1514480.,,,,,,,,D,1934,1972,MARK NOT FOUND,USGS,,DD = SURVEY DISK,9 = POST (STONE OR PRECAST CONCRETE),17-123
,20260103,http://www.ngs.noaa.gov/cgi-bin/ds_mark.prl?PidBox=OO0603,OO0603,17 124,,,,IA,CERRO GORDO,CLEAR LAKE EAST (2018),43 08 53.     (N),093 19 44.     (W),43.1480555556,-93.3288888889,,NAD 83,(1986),,SCALED,362.512,NAVD 88,,ADJUSTED,-28.277,GEOID18,362.439,980407.6,,,,,,,,1,2,,,,IA N,1183080.,1513920.,,,,,,,,D,1934,1972,MARK NOT FOUND,USGS,,DD = SURVEY DISK,9 = POST (STONE OR PRECAST CONCRETE),17-124
,20260103,http://www.ngs.noaa.gov/cgi-bin/ds_mark.prl?PidBox=OO0602,OO0602,17 125,,,,IA,CERRO GORDO,CLEAR LAKE EAST (2018),43 08 53.     (N),093 20 28.     (W),43.1480555556,-93.3411111111,,NAD 83,(1986),,SCALED,363.443,NAVD 88,,ADJUSTED,-28.301,GEOID18,363.368,980402.9,,,,,,,,1,2,,,,IA N,1183080.,1512930.,,,,,,,,D,1934,1972,MARK NOT FOUND,USGS,,DD = SURVEY DISK,9 = POST (STONE OR PRECAST CONCRETE),17-125
,20260103,http://www.ngs.noaa.gov/cgi-bin/ds_mark.prl?PidBox=OO0601,OO0601,17 126,,,,IA,CERRO GORDO,CLEAR LAKE EAST (2018),43 08 47.     (N),093 21 12.     (W),43.1463888889,-93.3533333333,,NAD 83,(1986),,SCALED,366.214,NAVD 88,,ADJUSTED,-28.325,GEOID18,366.137,980398.3,,,,,,,,1,2,,,,IA N,1182890.,1511930.,,,,,,,,D,1934,1972,MARK NOT FOUND,USGS,,DD = SURVEY DISK,9 = POST (STONE OR PRECAST CONCRETE),17-126
,20260103,http://www.ngs.noaa.gov/cgi-bin/ds_mark.prl?PidBox=OO0600,OO0600,17 127,,,,IA,CERRO GORDO,CLEAR LAKE EAST (2018),43 08 41.     (N),093 21 45.     (W),43.1447222222,-93.3625000000,,NAD 83,(1986),,SCALED,364.837,NAVD 88,,ADJUSTED,-28.345,GEOID18,364.759,980394.9,,,,,,,,1,2,,,,IA N,1182700.,1511190.,,,,,,,,D,1934,1972,MARK NOT FOUND,USGS,,DD = SURVEY DISK,9 = POST (STONE OR PRECAST CONCRETE),17-127
,20260103,http://www.ngs.noaa.gov/cgi-bin/ds_mark.prl?PidBox=OO0599,OO0599,17 128,,,,IA,CERRO GORDO,CLEAR LAKE EAST (2018),43 08 32.     (N),093 22 18.     (W),43.1422222222,-93.3716666667,,NAD 83,(1986),,SCALED,372.945,NAVD 88,,ADJUSTED,-28.363,GEOID18,372.865,980391.6,,,,,,,,1,2,,,,IA N,1182430.,1510440.,,,,,,,,D,1934,1972,MARK NOT FOUND,USGS,,DD = SURVEY DISK,9 = POST (STONE OR PRECAST CONCRETE),17-128
,20260103,http://www.ngs.noaa.gov/cgi-bin/ds_mark.prl?PidBox=OO0598,OO0598,17 129,,,,IA,CERRO GORDO,CLEAR LAKE EAST (2018),43 08 38.     (N),093 22 16.     (W),43.1438888889,-93.3711111111,,NAD 83,(1986),,SCALED,374.589,NAVD 88,,ADJUSTED,-28.367,GEOID18,374.507,980391.5,,,,,,,,1,2,,,,IA N,1182610.,1510490.,,,,,,,,D,1934,1972,MARK NOT FOUND,USGS,,DD = SURVEY DISK,9 = POST (STONE OR PRECAST CONCRETE),17-129
,20260103,http://www.ngs.noaa.gov/cgi-bin/ds_mark.prl?PidBox=OO0591,OO0591,17 13,,,,IA,CERRO GORDO,CLEAR LAKE WEST (2018),43 08 23.     (N),093 24 24.     (W),43.1397222222,-93.4066666667,,NAD 83,(1986),,SCALED,382.535,NAVD 88,,ADJUSTED,-28.480,GEOID18,382.446,980376.8,,,,,,,,1,2,,,,IA N,1182140.,1507590.,,,,,,,,D,1934,1972,MARK NOT FOUND,USGS,,DD = SURVEY DISK,9 = POST (STONE OR PRECAST CONCRETE),17-13
,20260103,http://www.ngs.noaa.gov/cgi-bin/ds_mark.prl?PidBox=OO0592,OO0592,17 14,,,,IA,CERRO GORDO,CLEAR LAKE WEST (2018),43 08 28.     (N),093 24 09.     (W),43.1411111111,-93.4025000000,,NAD 83,(1986),,SCALED,377.473,NAVD 88,,ADJUSTED,-28.469,GEOID18,377.386,980378.3,,,,,,,,1,2,,,,IA N,1182300.,1507930.,,,,,,,,D,1934,1972,MARK NOT FOUND,USGS,,DD = SURVEY DISK,9 = POST (STONE OR PRECAST CONCRETE),17-14
,20260103,http://www.ngs.noaa.gov/cgi-bin/ds_mark.prl?PidBox=OO0593,OO0593,17 15,,,,IA,CERRO GORDO,CLEAR LAKE WEST (2018),43 08 28.     (N),093 23 50.     (W),43.1411111111,-93.3972222222,,NAD 83,(1986),,SCALED,374.162,NAVD 88,,ADJUSTED,-28.448,GEOID18,374.077,980380.7,,,,,,,,1,2,,,,IA N,1182300.,1508360.,,,,,,,,D,1934,1972,MARK NOT FOUND,USGS,,DD = SURVEY DISK,9 = POST (STONE OR PRECAST CONCRETE),17-15
,20260103,http://www.ngs.noaa.gov/cgi-bin/ds_mark.prl?PidBox=OO0610,OO0610,17 158,,,,IA,CERRO GORDO,MASON CITY (2018),43 08 53.     (N),093 14 41.     (W),43.1480555556,-93.2447222222,,NAD 83,(1986),,SCALED,357.427,NAVD 88,,ADJUSTED,-28.255,GEOID18,357.363,980427.4,,,,,,,,1,2,,,,IA N,1183100.,1520770.,,,,,,,,D,1934,1957,MARK NOT FOUND,USGS,,DD = SURVEY DISK,9 = POST (STONE OR PRECAST CONCRETE),17-158
,20260103,http://www.ngs.noaa.gov/cgi-bin/ds_mark.prl?PidBox=OO0594,OO0594,17 16,,,,IA,CERRO GORDO,CLEAR LAKE WEST (2018),43 08 31.     (N),093 23 44.     (W),43.1419444444,-93.3955555556,,NAD 83,(1986),,SCALED,378.318,NAVD 88,,ADJUSTED,-28.445,GEOID18,378.232,980381.3,,,,,,,,1,2,,,,IA N,1182390.,1508500.,,,,,,,,D,1934,1972,MARK NOT FOUND,USGS,,DD = SURVEY DISK,9 = POST (STONE OR PRECAST CONCRETE),17-16
,20260103,http://www.ngs.noaa.gov/cgi-bin/ds_mark.prl?PidBox=OO0621,OO0621,17 167,,,,IA,CERRO GORDO,HANFORD (2018),43 07 18.     (N),093 12 06.     (W),43.1216666667,-93.2016666667,,NAD 83,(1986),,SCALED,363.210,NAVD 88,,ADJUSTED,-28.370,GEOID18,363.143,980424.4,,,,,,,,1,2,,,,IA N,1180180.,1524280.,,,,,,,,D,1934,1957,MARK NOT FOUND,USGS,,DD = SURVEY DISK,9 = POST (STONE OR PRECAST CONCRETE),17-167
,20260103,http://www.ngs.noaa.gov/cgi-bin/ds_mark.prl?PidBox=OO0595,OO0595,17 17,,,,IA,CERRO GORDO,CLEAR LAKE WEST (2018),43 08 33.     (N),093 23 24.     (W),43.1425000000,-93.3900000000,,NAD 83,(1986),,SCALED,379.715,NAVD 88,,ADJUSTED,-28.426,GEOID18,379.630,980383.6,,,,,,,,1,2,,,,IA N,1182450.,1508950.,,,,,,,,D,1934,1972,MARK NOT FOUND,USGS,,DD = SURVEY DISK,9 = POST (STONE OR PRECAST CONCRETE),17-17
,20260103,http://www.ngs.noaa.gov/cgi-bin/ds_mark.prl?PidBox=OO0616,OO0616,17 173,,,,IA,CERRO GORDO,MASON CITY (2018),43 08 54.     (N),093 12 03.     (W),43.1483333333,-93.2008333333,,NAD 83,(1986),,SCALED,339.137,NAVD 88,,ADJUSTED,-28.371,GEOID18,339.076,980430.3,,,,,,,,1,2,,,,IA N,1183140.,1524340.,,,,,,,,D,1934,20000925,MARK NOT FOUND,AERSVC,,DD = SURVEY DISK,9 = POST (STONE OR PRECAST CONCRETE),17-173
,20260103,http://www.ngs.noaa.gov/cgi-bin/ds_mark.prl?PidBox=OO0613,OO0613,17 175,,,,IA,CERRO GORDO,MASON CITY (2018),43 08 54.     (N),093 12 54.     (W),43.1483333333,-93.2150000000,,NAD 83,(1986),,SCALED,350.079,NAVD 88,,ADJUSTED,-28.323,GEOID18,350.016,980429.9,,,,,,,,1,2,,,,IA N,1183140.,1523180.,,,,,,,,D,1934,20000925,MARK NOT FOUND,AERSVC,,DD = SURVEY DISK,9 = POST (STONE OR PRECAST CONCRETE),17-175
,20260103,http://www.ngs.noaa.gov/cgi-bin/ds_mark.prl?PidBox=OO0612,OO0612,17 176,,,,IA,CERRO GORDO,MASON CITY (2018),43 08 54.     (N),093 13 19.     (W),43.1483333333,-93.2219444444,,NAD 83,(1986),,SCALED,344.432,NAVD 88,,ADJUSTED,-28.303,GEOID18,344.370,980429.5,,,,,,,,1,2,,,,IA N,1183130.,1522620.,,,,,,,,D,1934,1957,MARK NOT FOUND,USGS,,DD = SURVEY DISK,9 = POST (STONE OR PRECAST CONCRETE),17-176
,20260103,http://www.ngs.noaa.gov/cgi-bin/ds_mark.prl?PidBox=OO0611,OO0611,17 177,,,,IA,CERRO GORDO,MASON CITY (2018),43 08 54.     (N),093 14 10.     (W),43.1483333333,-93.2361111111,,NAD 83,(1986),,SCALED,355.545,NAVD 88,,ADJUSTED,-28.270,GEOID18,355.481,980428.3,,,,,,,,1,2,,,,IA N,1183130.,1521470.,,,,,,,,D,1934,20000925,MARK NOT FOUND,AERSVC,,DD = SURVEY DISK,9 = POST (STONE OR PRECAST CONCRETE),17-177
,20260103,http://www.ngs.noaa.gov/cgi-bin/ds_mark.prl?PidBox=OO0596,OO0596,17 18,,,,IA,CERRO GORDO,CLEAR LAKE WEST (2018),43 08 33.     (N),093 23 02.     (W),43.1425000000,-93.3838888889,,NAD 83,(1986),,SCALED,376.108,NAVD 88,,ADJUSTED,-28.404,GEOID18,376.024,980386.3,,,,,,,,1,2,,,,IA N,1182450.,1509450.,,,,,,,,D,1934,1972,MARK NOT FOUND,USGS,,DD = SURVEY DISK,9 = POST (STONE OR PRECAST CONCRETE),17-18
,20260103,http://www.ngs.noaa.gov/cgi-bin/ds_mark.prl?PidBox=OO0597,OO0597,17 19,,,,IA,CERRO GORDO,CLEAR LAKE WEST (2018),43 08 34.     (N),093 22 44.     (W),43.1427777778,-93.3788888889,,NAD 83,(1986),,SCALED,375.830,NAVD 88,,ADJUSTED,-28.388,GEOID18,375.747,980388.4,,,,,,,,1,2,,,,IA N,1182490.,1509850.,,,,,,,,D,1934,1951,GOOD,CGS,,DD = SURVEY DISK,9 = POST (STONE OR PRECAST CONCRETE),17-19
,20260103,http://www.ngs.noaa.gov/cgi-bin/ds_mark.prl?PidBox=OO0580,OO0580,17 2,,,,IA,CERRO GORDO,CLEAR LAKE WEST (2018),43 07 44.     (N),093 28 58.     (W),43.1288888889,-93.4827777778,,NAD 83,(1986),,SCALED,383.508,NAVD 88,,ADJUSTED,-28.801,GEOID18,383.406,980342.7,,,,,,,,1,2,,,,IA N,1180940.,1501400.,,,,,,,,D,1934,1934,MONUMENTED,IOWAGS,,DD = SURVEY DISK,9 = POST (STONE OR PRECAST CONCRETE),17-2
,20260103,http://www.ngs.noaa.gov/cgi-bin/ds_mark.prl?PidBox=OO0632,OO0632,17 201,,,,IA,CERRO GORDO,HANFORD (2018),43 00 03.     (N),093 12 07.     (W),43.0008333333,-93.2019444444,,NAD 83,(1986),,SCALED,344.162,NAVD 88,,ADJUSTED,-28.523,GEOID18,344.093,980407.6,,,,,,,,1,2,,,,IA N,1166750.,1524300.,,,,,,,,D,1934,1934,MONUMENTED,IOWAGS,,DD = SURVEY DISK,9 = POST (STONE OR PRECAST CONCRETE),17-201
,20260103,http://www.ngs.noaa.gov/cgi-bin/ds_mark.prl?PidBox=NK0203,NK0203,17 236,,,,IA,CERRO GORDO,SHEFFIELD (2018),42 56 59.     (N),093 12 10.     (W),42.9497222222,-93.2027777778,,NAD 83,(1986),,SCALED,327.420,NAVD 88,,ADJUSTED,-28.622,GEOID18,327.351,980399.2,,,,,,,,1,2,,,,IA N,1161080.,1524250.,,,,,,,,D,1934,20171206,MARK NOT FOUND,IADT,,DD = SURVEY DISK,9 = POST (STONE OR PRECAST CONCRETE),17-236
,20260103,http://www.ngs.noaa.gov/cgi-bin/ds_mark.prl?PidBox=NK0204,NK0204,17 237,,,,IA,CERRO GORDO,SHEFFIELD (2018),42 56 33.     (N),093 12 08.     (W),42.9425000000,-93.2022222222,,NAD 83,(1986),,SCALED,331.354,NAVD 88,,ADJUSTED,-28.644,GEOID18,331.284,980397.3,,,,,,,,1,2,,,,IA N,1160270.,1524300.,,,,,,,,D,1934,1972,MARK NOT FOUND,USGS,,DD = SURVEY DISK,9 = POST (STONE OR PRECAST CONCRETE),17-237
,20260103,http://www.ngs.noaa.gov/cgi-bin/ds_mark.prl?PidBox=NK0205,NK0205,17 238,,,,IA,CERRO GORDO,SHEFFIELD (2018),42 55 52.     (N),093 12 09.     (W),42.9311111111,-93.2025000000,,NAD 83,(1986),,SCALED,329.366,NAVD 88,,ADJUSTED,-28.671,GEOID18,329.295,980394.8,,,,,,,,1,2,,,,IA N,1159010.,1524280.,,,,,,,,D,1934,1972,MARK NOT FOUND,USGS,,DD = SURVEY DISK,9 = POST (STONE OR PRECAST CONCRETE),17-238
,20260103,http://www.ngs.noaa.gov/cgi-bin/ds_mark.prl?PidBox=NK0206,NK0206,17 239,,,,IA,CERRO GORDO,SHEFFIELD (2018),42 55 35.     (N),093 12 08.     (W),42.9263888889,-93.2022222222,,NAD 83,(1986),,SCALED,332.415,NAVD 88,,ADJUSTED,-28.686,GEOID18,332.343,980393.7,,,,,,,,1,2,,,,IA N,1158480.,1524310.,,,,,,,,D,1934,1972,MARK NOT FOUND,USGS,,DD = SURVEY DISK,9 = POST (STONE OR PRECAST CONCRETE),17-239
,20260103,http://www.ngs.noaa.gov/cgi-bin/ds_mark.prl?PidBox=NK0207,NK0207,17 240,,,,IA,CERRO GORDO,SHEFFIELD (2018),42 55 10.     (N),093 12 09.     (W),42.9194444444,-93.2025000000,,NAD 83,(1986),,SCALED,333.318,NAVD 88,,ADJUSTED,-28.703,GEOID18,333.245,980392.3,,,,,,,,1,2,,,,IA N,1157710.,1524290.,,,,,,,,D,1934,1972,MARK NOT FOUND,USGS,,DD = SURVEY DISK,9 = POST (STONE OR PRECAST CONCRETE),17-240
,20260103,http://www.ngs.noaa.gov/cgi-bin/ds_mark.prl?PidBox=NK0208,NK0208,17 241,,,,IA,CERRO GORDO,SHEFFIELD (2018),42 54 45.     (N),093 12 07.     (W),42.9125000000,-93.2019444444,,NAD 83,(1986),,SCALED,333.714,NAVD 88,,ADJUSTED,-28.727,GEOID18,333.641,980390.5,,,,,,,,1,2,,,,IA N,1156940.,1524340.,,,,,,,,D,1934,1972,MARK NOT FOUND,USGS,,DD = SURVEY DISK,9 = POST (STONE OR PRECAST CONCRETE),17-241
,20260103,http://www.ngs.noaa.gov/cgi-bin/ds_mark.prl?PidBox=NK0202,NK0202,17 242,,,,IA,CERRO GORDO,SHEFFIELD (2018),42 57 04.     (N),093 12 03.     (W),42.9511111111,-93.2008333333,,NAD 83,(1986),,SCALED,327.170,NAVD 88,,ADJUSTED,-28.634,GEOID18,327.101,980398.7,,,,,,,,1,2,,,,IA N,1161230.,1524410.,,,,,,,,D,1934,20171206,MARK NOT FOUND,IADT,,DD = SURVEY DISK,9 = POST (STONE OR PRECAST CONCRETE),17-242
,20260103,http://www.ngs.noaa.gov/cgi-bin/ds_mark.prl?PidBox=NK0201,NK0201,17 243,,,,IA,CERRO GORDO,SHEFFIELD (2018),42 57 17.     (N),093 11 32.     (W),42.9547222222,-93.1922222222,,NAD 83,(1986),,SCALED,333.382,NAVD 88,,ADJUSTED,-28.694,GEOID18,333.311,980395.3,,,,,,,,1,2,,,,IA N,1161630.,1525110.,,,,,,,,D,1934,20171206,MARK NOT FOUND,IADT,,DD = SURVEY DISK,9 = POST (STONE OR PRECAST CONCRETE),17-243
,20260103,http://www.ngs.noaa.gov/cgi-bin/ds_mark.prl?PidBox=NK0200,NK0200,17 245,,,,IA,CERRO GORDO,SHEFFIELD (2018),42 58 14.     (N),093 11 31.     (W),42.9705555556,-93.1919444444,,NAD 83,(1986),,SCALED,338.817,NAVD 88,,ADJUSTED,-28.658,GEOID18,338.745,980399.5,,,,,,,,1,2,,,,IA N,1163390.,1525130.,,,,,,,,D,1934,20171206,MARK NOT FOUND,IADT,,DD = SURVEY DISK,9 = POST (STONE OR PRECAST CONCRETE),17-245
,20260103,http://www.ngs.noaa.gov/cgi-bin/ds_mark.prl?PidBox=NK0199,NK0199,17 246,,,,IA,CERRO GORDO,SHEFFIELD (2018),42 58 35.     (N),093 11 32.     (W),42.9763888889,-93.1922222222,,NAD 83,(1986),,SCALED,341.276,NAVD 88,,ADJUSTED,-28.643,GEOID18,341.204,980401.3,,,,,,,,1,2,,,,IA N,1164040.,1525110.,,,,,,,,D,1934,20171206,MARK NOT FOUND,IADT,,DD = SURVEY DISK,9 = POST (STONE OR PRECAST CONCRETE),17-246
,20260103,http://www.ngs.noaa.gov/cgi-bin/ds_mark.prl?PidBox=NK0198,NK0198,17 248,,,,IA,CERRO GORDO,SHEFFIELD (2018),42 59 06.     (N),093 11 32.     (W),42.9850000000,-93.1922222222,,NAD 83,(1986),,SCALED,341.007,NAVD 88,,ADJUSTED,-28.625,GEOID18,340.936,980402.8,,,,,,,,1,2,,,,IA N,1165000.,1525100.,,,,,,,,D,1934,20171206,MARK NOT FOUND,IADT,,DD = SURVEY DISK,9 = POST (STONE OR PRECAST CONCRETE),17-248
,20260103,http://www.ngs.noaa.gov/cgi-bin/ds_mark.prl?PidBox=NK0197,NK0197,17 249,,,,IA,CERRO GORDO,SHEFFIELD (2018),42 59 24.     (N),093 11 30.     (W),42.9900000000,-93.1916666667,,NAD 83,(1986),,SCALED,344.764,NAVD 88,,ADJUSTED,-28.619,GEOID18,344.693,980402.7,,,,,,,,1,2,,,,IA N,1165550.,1525150.,,,,,,,,D,1934,20171206,MARK NOT FOUND,IADT,,DD = SURVEY DISK,9 = POST (STONE OR PRECAST CONCRETE),17-249
,20260103,http://www.ngs.noaa.gov/cgi-bin/ds_mark.prl?PidBox=NK0196,NK0196,17 250,,,,IA,CERRO GORDO,SHEFFIELD (2018),42 59 40.     (N),093 11 31.     (W),42.9944444444,-93.1919444444,,NAD 83,(1986),,SCALED,341.491,NAVD 88,,ADJUSTED,-28.607,GEOID18,341.421,980403.1,,,,,,,,1,2,,,,IA N,1166050.,1525120.,,,,,,,,D,1934,20171206,MARK NOT FOUND,IADT,,DD = SURVEY DISK,9 = POST (STONE OR PRECAST CONCRETE),17-250
,20260103,http://www.ngs.noaa.gov/cgi-bin/ds_mark.prl?PidBox=NK0195,NK0195,17 251,,,,IA,CERRO GORDO,SHEFFIELD (2018),42 59 59.59   (N),093 11 30.25   (W),42.9998861111,-93.1917361111,,NAD 83,(1986),,HD_HELD1,341.828,NAVD 88,,ADJUSTED,-28.598,GEOID18,341.757,980403.0,,,,,,,,1,2,,,,IA N,1166650.4,1525135.2,,,,,,,,D,1934,20220407,GOOD,IADT,Y,DD = SURVEY DISK,9 = POST (STONE OR PRECAST CONCRETE),17-251
,20260103,http://www.ngs.noaa.gov/cgi-bin/ds_mark.prl?PidBox=OO0581,OO0581,17 3,,,,IA,CERRO GORDO,CLEAR LAKE WEST (2018),43 07 48.     (N),093 28 32.     (W),43.1300000000,-93.4755555556,,NAD 83,(1986),,SCALED,386.711,NAVD 88,,ADJUSTED,-28.768,GEOID18,386.610,980346.0,,,,,,,,1,2,,,,IA N,1181060.,1501990.,,,,,,,,D,1934,1972,MARK NOT FOUND,USGS,,DD = SURVEY DISK,9 = POST (STONE OR PRECAST CONCRETE),17-3
,20260103,http://www.ngs.noaa.gov/cgi-bin/ds_mark.prl?PidBox=OO0582,OO0582,17 4,,,,IA,CERRO GORDO,CLEAR LAKE WEST (2018),43 07 55.     (N),093 27 36.     (W),43.1319444444,-93.4600000000,,NAD 83,(1986),,SCALED,378.214,NAVD 88,,ADJUSTED,-28.696,GEOID18,378.118,980353.2,,,,,,,,1,2,,,,IA N,1181280.,1503260.,,,,,,,,D,1934,1972,MARK NOT FOUND,USGS,,DD = SURVEY DISK,9 = POST (STONE OR PRECAST CONCRETE),17-4
,20260103,http://www.ngs.noaa.gov/cgi-bin/ds_mark.prl?PidBox=OO0583,OO0583,17 5,,,,IA,CERRO GORDO,CLEAR LAKE WEST (2018),43 08 01.     (N),093 27 07.     (W),43.1336111111,-93.4519444444,,NAD 83,(1986),,SCALED,385.607,NAVD 88,,ADJUSTED,-28.662,GEOID18,385.510,980356.8,,,,,,,,1,2,,,,IA N,1181460.,1503910.,,,,,,,,D,1934,1972,MARK NOT FOUND,USGS,,DD = SURVEY DISK,9 = POST (STONE OR PRECAST CONCRETE),17-5
,20260103,http://www.ngs.noaa.gov/cgi-bin/ds_mark.prl?PidBox=OO0584,OO0584,17 6,,,,IA,CERRO GORDO,CLEAR LAKE WEST (2018),43 07 59.     (N),093 26 18.     (W),43.1330555556,-93.4383333333,,NAD 83,(1986),,SCALED,377.962,NAVD 88,,ADJUSTED,-28.593,GEOID18,377.869,980363.6,,,,,,,,1,2,,,,IA N,1181400.,1505020.,,,,,,,,D,1934,1972,MARK NOT FOUND,USGS,,DD = SURVEY DISK,9 = POST (STONE OR PRECAST CONCRETE),17-6
,20260103,http://www.ngs.noaa.gov/cgi-bin/ds_mark.prl?PidBox=OO0585,OO0585,17 7,,,,IA,CERRO GORDO,CLEAR LAKE WEST (2018),43 08 01.     (N),093 26 00.     (W),43.1336111111,-93.4333333333,,NAD 83,(1986),,SCALED,378.763,NAVD 88,,ADJUSTED,-28.572,GEOID18,378.671,980365.8,,,,,,,,1,2,,,,IA N,1181460.,1505420.,,,,,,,,D,1934,1972,MARK NOT FOUND,USGS,,DD = SURVEY DISK,9 = POST (STONE OR PRECAST CONCRETE),17-7
,20260103,http://www.ngs.noaa.gov/cgi-bin/ds_mark.prl?PidBox=OO0586,OO0586,17 8,,,,IA,CERRO GORDO,CLEAR LAKE WEST (2018),43 08 10.     (N),093 25 24.     (W),43.1361111111,-93.4233333333,,NAD 83,(1986),,SCALED,379.087,NAVD 88,,ADJUSTED,-28.537,GEOID18,378.997,980369.9,,,,,,,,1,2,,,,IA N,1181740.,1506240.,,,,,,,,D,1934,1972,MARK NOT FOUND,USGS,,DD = SURVEY DISK,9 = POST (STONE OR PRECAST CONCRETE),17-8
,20260103,http://www.ngs.noaa.gov/cgi-bin/ds_mark.prl?PidBox=OO0587,OO0587,17 9,,,,IA,CERRO GORDO,CLEAR LAKE WEST (2018),43 08 09.     (N),093 25 10.     (W),43.1358333333,-93.4194444444,,NAD 83,(1986),,SCALED,381.711,NAVD 88,,ADJUSTED,-28.519,GEOID18,381.621,980371.8,,,,,,,,1,2,,,,IA N,1181710.,1506550.,,,,,,,,D,1934,1972,MARK NOT FOUND,USGS,,DD = SURVEY DISK,9 = POST (STONE OR PRECAST CONCRETE),17-9
,20260103,http://www.ngs.noaa.gov/cgi-bin/ds_mark.prl?PidBox=MJ1155,MJ1155,171,,,,IA,SHELBY,IRWIN (2018),41 45 53.54147(N),095 12 17.65923(W),41.7648726306,-95.2049053417,,NAD 83,(1996),,ADJUSTED,448.,NAVD 88,,SCALED,-29.196,GEOID18,,,,,,,,,2,,,,,,IA S,197381.933,358238.028,-1 07 22.9,0.99993107,15,4626020.427,316719.120,-1 28 08.5,1.00001338,D,1934,20191120,POOR,INDIV,,DD = SURVEY DISK,9 = POST (STONE OR PRECAST CONCRETE),171
,20260103,http://www.ngs.noaa.gov/cgi-bin/ds_mark.prl?PidBox=NL0608,NL0608,175,,,,IA,CRAWFORD,BOYER (2018),42 10 54.96922(N),095 08 36.85689(W),42.1819358944,-95.1435713583,,NAD 83,(1996),,ADJUSTED,450.,NAVD 88,,SCALED,-29.214,GEOID18,,,,,,,,,2,,,,,,IA N,1077066.725,1364228.561,-1 06 50.1,0.99991506,15,4672200.808,322976.972,-1 26 23.1,0.99998560,D,1934,1934,MONUMENTED,IOWAGS,,DD = SURVEY DISK,9 = POST (STONE OR PRECAST CONCRETE),175-24
,20260103,http://www.ngs.noaa.gov/cgi-bin/ds_mark.prl?PidBox=MG0554,MG0554,18,,,,IA,JOHNSON,SWISHER (2018),41 47 32.     (N),091 38 23.     (W),41.7922222222,-91.6397222222,,NAD 83,(1986),,SCALED,212.768,NAVD 88,,ADJUSTED,-32.513,GEOID18,212.686,980234.2,,,,,,,,1,2,,,,IA S,200680.,654610.,,,,,,,,C,1934,19980106,MARK NOT FOUND,NGS,,B = BOLT,32 = SET IN A RETAINING WALL OR CONCRETE LEDGE,
,20260103,http://www.ngs.noaa.gov/cgi-bin/ds_mark.prl?PidBox=MJ0294,MJ0294,183,,,,IA,SHELBY,IRWIN (2018),41 50 58.     (N),095 12 30.     (W),41.8494444444,-95.2083333333,,NAD 83,(1986),,SCALED,436.689,NAVD 88,,ADJUSTED,-29.417,GEOID18,436.484,980142.3,,,,,,,,2,0,,,,IA S,206780.,358140.,,,,,,,,D,1934,1975,MARK NOT FOUND,USGS,,DD = SURVEY DISK,9 = POST (STONE OR PRECAST CONCRETE),183
,20260103,http://www.ngs.noaa.gov/cgi-bin/ds_mark.prl?PidBox=MJ0257,MJ0257,187 RESET,,,,IA,SHELBY,CORLEY (2018),41 36 01.     (N),095 20 05.     (W),41.6002777778,-95.3347222222,,NAD 83,(1986),,SCALED,367.42,NAVD 88,,VERTCON3,-28.815,GEOID18,,,,,,,,,,,,,,,IA S,179330.,347060.,,,,,,,,C,1970,1970,MONUMENTED,NGS,,DD = SURVEY DISK,7 = SET IN TOP OF CONCRETE MONUMENT,187 RESET 1970
,20260103,http://www.ngs.noaa.gov/cgi-bin/ds_mark.prl?PidBox=MJ0249,MJ0249,188 RESET,,,,IA,SHELBY,CORLEY (2018),41 33 46.     (N),095 20 07.     (W),41.5627777778,-95.3352777778,,NAD 83,(1986),,SCALED,353.67,NAVD 88,,RESET,-28.586,GEOID18,,,,,,,,,,3,,,,,IA S,175160.,346930.,,,,,,,,C,1970,1970,MONUMENTED,NGS,,DB = BENCH MARK DISK,7 = SET IN TOP OF CONCRETE MONUMENT,188 RESET 1970
,20260103,http://www.ngs.noaa.gov/cgi-bin/ds_mark.prl?PidBox=MJ0247,MJ0247,189 RESET,,,,IA,SHELBY,CORLEY (2018),41 32 41.     (N),095 20 11.     (W),41.5447222222,-95.3363888889,,NAD 83,(1986),,SCALED,352.65,NAVD 88,,RESET,-28.482,GEOID18,,,,,,,,,,3,,,,,IA S,173160.,346790.,,,,,,,,C,1970,1970,MONUMENTED,NGS,,DB = BENCH MARK DISK,7 = SET IN TOP OF CONCRETE MONUMENT,189 RESET 1970
,20260103,http://www.ngs.noaa.gov/cgi-bin/ds_mark.prl?PidBox=MG0555,MG0555,19,,,,IA,JOHNSON,SWISHER (2018),41 47 57.     (N),091 38 33.     (W),41.7991666667,-91.6425000000,,NAD 83,(1986),,SCALED,222.604,NAVD 88,,ADJUSTED,-32.506,GEOID18,222.519,980234.4,,,,,,,,1,2,,,,IA S,201450.,654370.,,,,,,,,C,1934,20170523,MARK NOT FOUND,INDIV,N,I = METAL ROD,32 = SET IN A RETAINING WALL OR CONCRETE LEDGE,
,20260103,http://www.ngs.noaa.gov/cgi-bin/ds_mark.prl?PidBox=DR9106,DR9106,19 83 23,Y,,,IA,STORY,HUXLEY (2018),41 58 46.34852(N),093 34 29.75666(W),41.9795412556,-93.5749324056,234.650,NAD 83,(2011),2010.00,ADJUSTED,264.72,NAVD 88,,GPS OBS,-30.075,GEOID18,,,0.37,0.92,0.17,0.13,0.47,0.08260354,,,,-296099.402,-4739453.183,4244071.780,IA N,1053268.720,1493789.700,-0 03 02.8,0.99998016,15,4647664.559,452370.131,-0 23 04.4,0.99962791,B,19980625,20221117,GOOD,IA0230,Y,I = METAL ROD,50 = ALUMINUM ALLOY ROD W/O SLEEVE (10 FT.+),19-83-23
,20260103,http://www.ngs.noaa.gov/cgi-bin/ds_mark.prl?PidBox=MJ1081,MJ1081,19 RDS RESET,,,,IA,UNION,AFTON (2018),41 02 16.46570(N),094 11 59.07148(W),41.0379071389,-94.1997420778,,NAD 83,(1996),,NO CHECK,380.,NAVD 88,,SCALED,-30.992,GEOID18,,,,,,,,,3,,,,,,IA S,115494.373,441164.249,-0 27 39.3,0.99989764,15,4543658.378,399156.653,-0 47 16.0,0.99972516,D,1969,1971,SEE DESCRIPTION,NGS,,DB = BENCH MARK DISK,15 = METAL ROD DRIVEN INTO GROUND. SEE TEXT FOR ADDITIONAL INFORMATION.,19 RDS RESET 1969
,20260103,http://www.ngs.noaa.gov/cgi-bin/ds_mark.prl?PidBox=LD0539,LD0539,2,,,,IA,LEE,KEOKUK (2018),40 23 30.     (N),091 22 37.     (W),40.3916666667,-91.3769444444,,NAD 83,(1986),,SCALED,150.53,NAVD 88,,VERTCON3,-33.208,GEOID18,,,,,,,,,,,,,,,IA S,45690.,680250.,,,,,,,,B,UNK,1934,MARK NOT FOUND,CGS,,B = BOLT,36 = SET IN A MASSIVE STRUCTURE,
,20260103,http://www.ngs.noaa.gov/cgi-bin/ds_mark.prl?PidBox=NK0087,NK0087,2,,,,IA,TAMA,TRAER (2018),42 10 22.     (N),092 26 48.     (W),42.1727777778,-92.4466666667,,NAD 83,(1986),,SCALED,275.726,NAVD 88,,ADJUSTED,-31.534,GEOID18,275.630,980264.4,,,,,,,,2,0,,,,IA N,1075270.,1587030.,,,,,,,,D,UNK,1934,GOOD,CGS,,R = RIVET,30 = SET IN A LIGHT STRUCTURE,
,20260103,http://www.ngs.noaa.gov/cgi-bin/ds_mark.prl?PidBox=MG0456,MG0456,2,,,,IA,WASHINGTON,AINSWORTH (2018),41 21 28.     (N),091 32 31.     (W),41.3577777778,-91.5419444444,,NAD 83,(1986),,SCALED,219.839,NAVD 88,,ADJUSTED,-32.821,GEOID18,219.749,980207.7,,,,,,,,1,2,,,,IA S,152620.,663830.,,,,,,,,C,1934,1942,GOOD,CGS,,Z = SEE DESCRIPTION,32 = SET IN A RETAINING WALL OR CONCRETE LEDGE,
,20260103,http://www.ngs.noaa.gov/cgi-bin/ds_mark.prl?PidBox=NK0140,NK0140,2,,,,IA,MARSHALL,LE GRAND (2018),42 01 41.     (N),092 51 05.     (W),42.0280555556,-92.8513888889,,NAD 83,(1986),,SCALED,264.05,NAVD 88,,VERTCON3,-31.742,GEOID18,,,,,,,,,,,,,,,IA N,1058860.,1553710.,,,,,,,,D,UNK,20080708,GOOD,GEOCAC,,R = RIVET,30 = SET IN A LIGHT STRUCTURE,
,20260103,http://www.ngs.noaa.gov/cgi-bin/ds_mark.prl?PidBox=MH0009,MH0009,2,,,,IA,BENTON,BLAIRSTOWN (2018),41 54 45.     (N),092 06 17.     (W),41.9125000000,-92.1047222222,,NAD 83,(1986),,SCALED,254.45,NAVD 88,,VERTCON3,-31.800,GEOID18,,,,,,,,,,,,,,,IA N,1046780.,1615760.,,,,,,,,D,UNK,20040907,GOOD,GEOCAC,N,R = RIVET,30 = SET IN A LIGHT STRUCTURE,
,20260103,http://www.ngs.noaa.gov/cgi-bin/ds_mark.prl?PidBox=NM2021,NM2021,2,,,,IA,PLYMOUTH,RICHLAND (2017),42 45 43.     (N),096 37 42.     (W),42.7619444444,-96.6283333333,,NAD 83,(1986),,SCALED,344.466,NAVD 88,,ADJUSTED,-25.669,GEOID18,344.369,980330.1,,,,,,,,1,2,,,,IA N,1144910.,1244000.,,,,,,,,D,UNK,20101012,MARK NOT FOUND,GEOCAC,Y,DD = SURVEY DISK,31 = SET IN A PAVEMENT SUCH AS STREET SIDEWALK CURB ETC.,2
,20260103,http://www.ngs.noaa.gov/cgi-bin/ds_mark.prl?PidBox=NJ0106,NJ0106,2 WPR,,,,IA,JACKSON,SAVANNA (2018),42 07 19.     (N),090 14 49.     (W),42.1219444444,-90.2469444444,,NAD 83,(1986),,SCALED,203.144,NAVD 88,,ADJUSTED,-33.052,GEOID18,203.074,980276.5,,,,,,,,1,1,,,,IA N,1074260.,1768930.,,,,,,,,C,1966,20010331,GOOD,NGS,N,DB = BENCH MARK DISK,7 = SET IN TOP OF CONCRETE MONUMENT,2 WPR 1966 667
,20260103,http://www.ngs.noaa.gov/cgi-bin/ds_mark.prl?PidBox=MG0556,MG0556,20,,,,IA,JOHNSON,SWISHER (2018),41 48 13.42   (N),091 38 33.27   (W),41.8037277778,-91.6425750000,,NAD 83,(1986),,HD_HELD1,233.718,NAVD 88,,ADJUSTED,-32.502,GEOID18,233.628,980234.6,,,,,,,,1,2,,,,IA S,201956.2,654349.9,,,,,,,,C,1934,20200714,MARK NOT FOUND,IADT,N,I = METAL ROD,32 = SET IN A RETAINING WALL OR CONCRETE LEDGE,
,20260103,http://www.ngs.noaa.gov/cgi-bin/ds_mark.prl?PidBox=NM1667,NM1667,20,,,,IA,MONONA,ALBATON (2018),42 07 52.99120(N),096 15 08.50221(W),42.1313864444,-96.2523617250,,NAD 83,(1996),,ADJUSTED,328.,NAVD 88,,SCALED,-26.544,GEOID18,,,,,,,,,2,,,,,,IA N,1073836.211,1272477.155,-1 51 55.4,0.99994158,14,4668018.353,727093.020,+1 50 38.4,1.00023461,D,1934,1948,GOOD,IAGS,,DD = SURVEY DISK,9 = POST (STONE OR PRECAST CONCRETE),67-20
,20260103,http://www.ngs.noaa.gov/cgi-bin/ds_mark.prl?PidBox=MH0320,MH0320,20 27,,,,IA,CLARKE,OSCEOLA (2018),41 00 14.     (N),093 46 11.     (W),41.0038888889,-93.7697222222,,NAD 83,(1986),,SCALED,349.619,NAVD 88,,ADJUSTED,-31.317,GEOID18,349.453,980139.3,,,,,,,,2,0,,,,IA S,111520.,477310.,,,,,,,,D,1934,1935,GOOD,CGS,,DD = SURVEY DISK,9 = POST (STONE OR PRECAST CONCRETE),20-27
,20260103,http://www.ngs.noaa.gov/cgi-bin/ds_mark.prl?PidBox=LE0411,LE0411,20 32,,,,IA,CLARKE,LACELLE (2018),40 56 42.     (N),093 46 05.     (W),40.9450000000,-93.7680555556,,NAD 83,(1986),,SCALED,351.909,NAVD 88,,ADJUSTED,-31.329,GEOID18,351.741,980136.7,,,,,,,,2,0,,,,IA S,104980.,477430.,,,,,,,,D,1934,1935,GOOD,CGS,,DD = SURVEY DISK,9 = POST (STONE OR PRECAST CONCRETE),20-32
,20260103,http://www.ngs.noaa.gov/cgi-bin/ds_mark.prl?PidBox=LE0409,LE0409,20 34,,,,IA,CLARKE,LACELLE (2018),40 54 43.     (N),093 46 02.     (W),40.9119444444,-93.7672222222,,NAD 83,(1986),,SCALED,352.819,NAVD 88,,ADJUSTED,-31.339,GEOID18,352.650,980135.6,,,,,,,,2,0,,,,IA S,101300.,477490.,,,,,,,,D,1934,1935,GOOD,CGS,,DD = SURVEY DISK,9 = POST (STONE OR PRECAST CONCRETE),20-34
,20260103,http://www.ngs.noaa.gov/cgi-bin/ds_mark.prl?PidBox=AE2154,AE2154,20 ADP,,,,IA,WARREN,CUMMING (2018),41 23 18.58562(N),093 47 10.01418(W),41.3884960056,-93.7861150500,277.748,NAD 83,(2011),2010.00,ADJUSTED,308.9,NAVD 88,,GPS OBS,-31.167,GEOID18,,,1.19,2.88,0.56,0.38,1.47,0.04374144,,,,-316451.097,-4781923.869,4195072.913,IA S,154230.834,476070.708,-0 11 18.5,0.99991016,15,4582183.375,434275.979,-0 31 11.2,0.99965316,C,1950,20080629,GOOD,GEOCAC,Y,DB = BENCH MARK DISK,7 = SET IN TOP OF CONCRETE MONUMENT,20 ADP 1950
,20260103,http://www.ngs.noaa.gov/cgi-bin/ds_mark.prl?PidBox=MJ0279,MJ0279,201 RESET,,,,IA,SHELBY,JACKSONVILLE (2018),41 43 58.     (N),095 13 41.     (W),41.7327777778,-95.2280555556,,NAD 83,(1986),,SCALED,420.39,NAVD 88,,RESET,-29.146,GEOID18,,,,,,,,,,3,,,,,IA S,193860.,356240.,,,,,,,,C,1969,1973,GOOD,NGS,,DD = SURVEY DISK,7 = SET IN TOP OF CONCRETE MONUMENT,201 RESET 1969
,20260103,http://www.ngs.noaa.gov/cgi-bin/ds_mark.prl?PidBox=NJ0577,NJ0577,2067,,,,IA,LINN,CEDAR RAPIDS NORTH (2018),42 05 46.     (N),091 43 01.     (W),42.0961111111,-91.7169444444,,NAD 83,(1986),,SCALED,233.959,NAVD 88,,ADJUSTED,-31.822,GEOID18,233.879,980273.1,,,,,,,,2,0,,,,IA N,1067770.,1647490.,,,,,,,,C,1903,20230711,MARK NOT FOUND,IADT,,DD = SURVEY DISK,32 = SET IN A RETAINING WALL OR CONCRETE LEDGE,LINN CO ENG DEPT 1903 2067
,20260103,http://www.ngs.noaa.gov/cgi-bin/ds_mark.prl?PidBox=MG0557,MG0557,21,,,,IA,JOHNSON,SWISHER (2018),41 48 53.     (N),091 38 44.     (W),41.8147222222,-91.6455555556,,NAD 83,(1986),,SCALED,209.615,NAVD 88,,ADJUSTED,-32.489,GEOID18,209.535,980235.0,,,,,,,,1,2,,,,IA S,203170.,654080.,,,,,,,,B,1934,19980106,MARK NOT FOUND,NGS,,I = METAL ROD,36 = SET IN A MASSIVE STRUCTURE,
,20260103,http://www.ngs.noaa.gov/cgi-bin/ds_mark.prl?PidBox=MG0558,MG0558,22,,,,IA,JOHNSON,SWISHER (2018),41 49 18.     (N),091 38 43.     (W),41.8216666667,-91.6452777778,,NAD 83,(1986),,SCALED,255.050,NAVD 88,,ADJUSTED,-32.481,GEOID18,254.953,980235.4,,,,,,,,1,2,,,,IA S,203940.,654080.,,,,,,,,C,1934,19980106,MARK NOT FOUND,NGS,,I = METAL ROD,32 = SET IN A RETAINING WALL OR CONCRETE LEDGE,
,20260103,http://www.ngs.noaa.gov/cgi-bin/ds_mark.prl?PidBox=NJ0435,NJ0435,22 2,,,,IA,CLAYTON,TURKEY RIVER (2018),42 38 46.84   (N),091 04 25.45   (W),42.6463444444,-91.0737361111,,NAD 83,(1986),,HD_HELD1,364.694,NAVD 88,,ADJUSTED,-31.751,GEOID18,364.587,980317.5,,,,,,,,1,1,,,,IA N,1130186.7,1698932.6,,,,,,,,D,1934,20020520,GOOD,AERSVC,Y,DD = SURVEY DISK,9 = POST (STONE OR PRECAST CONCRETE),22-2
,20260103,http://www.ngs.noaa.gov/cgi-bin/ds_mark.prl?PidBox=MG0559,MG0559,23,,,,IA,JOHNSON,SWISHER (2018),41 49 44.     (N),091 38 11.     (W),41.8288888889,-91.6363888889,,NAD 83,(1986),,SCALED,256.887,NAVD 88,,ADJUSTED,-32.479,GEOID18,256.790,980236.0,,,,,,,,1,2,,,,IA S,204760.,654800.,,,,,,,,C,1934,19980106,MARK NOT FOUND,NGS,,B = BOLT,32 = SET IN A RETAINING WALL OR CONCRETE LEDGE,
,20260103,http://www.ngs.noaa.gov/cgi-bin/ds_mark.prl?PidBox=AE8058,AE8058,2313 G 1,,,,IA,HOWARD,LIME SPRINGS (2018),43 29 17.     (N),092 21 54.     (W),43.4880555556,-92.3650000000,,NAD 83,(1986),,SCALED,375.719,NAVD 88,,ADJUSTED,-30.261,GEOID18,375.624,980356.4,,,,,,,,2,1,,,,IA N,1221460.,1591820.,,,,,,,,B,1991,19910730,GOOD,MNDT,N,DD = SURVEY DISK,36 = SET IN A MASSIVE STRUCTURE,2313 G 1 1991
,20260103,http://www.ngs.noaa.gov/cgi-bin/ds_mark.prl?PidBox=AE8059,AE8059,2313 G 2,,,,IA,HOWARD,LIME SPRINGS (2018),43 29 16.     (N),092 21 53.     (W),43.4877777778,-92.3647222222,,NAD 83,(1986),,SCALED,375.980,NAVD 88,,ADJUSTED,-30.262,GEOID18,375.885,980356.4,,,,,,,,2,1,,,,IA N,1221430.,1591840.,,,,,,,,B,1991,19910730,GOOD,MNDT,N,DD = SURVEY DISK,36 = SET IN A MASSIVE STRUCTURE,2313 G 2 1991
,20260103,http://www.ngs.noaa.gov/cgi-bin/ds_mark.prl?PidBox=ON0344,ON0344,234,,,,IA,CLAYTON,PRAIRIE DU CHIEN (2018),43 01 30.99   (N),091 10 29.49   (W),43.0252750000,-91.1748583333,,NAD 83,(1986),,HD_HELD1,192.347,NAVD 88,,ADJUSTED,-31.569,GEOID18,192.303,980383.5,,,,,,,,1,2,,,,IA N,1172031.0,1689486.0,,,,,,,,B,UNK,20070529,GOOD,GEOCAC,N,B = BOLT,36 = SET IN A MASSIVE STRUCTURE,
,20260103,http://www.ngs.noaa.gov/cgi-bin/ds_mark.prl?PidBox=ON0345,ON0345,235,,,,IA,CLAYTON,PRAIRIE DU CHIEN (2018),43 01 28.65   (N),091 10 30.54   (W),43.0246250000,-91.1751500000,,NAD 83,(1986),,HD_HELD1,192.669,NAVD 88,,ADJUSTED,-31.568,GEOID18,192.624,980383.7,,,,,,,,1,2,,,,IA N,1171958.1,1689464.2,,,,,,,,B,UNK,20070529,GOOD,GEOCAC,N,B = BOLT,36 = SET IN A MASSIVE STRUCTURE,
,20260103,http://www.ngs.noaa.gov/cgi-bin/ds_mark.prl?PidBox=NJ0409,NJ0409,238 BOLT,,,,IA,CLAYTON,CLAYTON (2018),42 58 51.     (N),091 09 33.     (W),42.9808333333,-91.1591666667,,NAD 83,(1986),,SCALED,193.637,NAVD 88,,ADJUSTED,-31.581,GEOID18,193.590,980373.7,,,,,,,,1,2,,,,IA N,1167130.,1690900.,,,,,,,,A,UNK,1970,GOOD,NGS,,B = BOLT,66 = SET IN ROCK OUTCROP,
,20260103,http://www.ngs.noaa.gov/cgi-bin/ds_mark.prl?PidBox=NJ0408,NJ0408,239 BOLT,,,,IA,CLAYTON,CLAYTON (2018),42 56 32.     (N),091 10 13.     (W),42.9422222222,-91.1702777778,,NAD 83,(1986),,SCALED,190.17,NAVD 88,,VERTCON3,-31.548,GEOID18,,,,,,,,,,,,,,,IA N,1162820.,1690110.,,,,,,,,D,UNK,1970,MARK NOT FOUND,NGS,,B = BOLT,31 = SET IN A PAVEMENT SUCH AS STREET SIDEWALK CURB ETC.,42 DEG 56 MIN 29 SEC 91 DEG 10 MIN 15 SEC
,20260103,http://www.ngs.noaa.gov/cgi-bin/ds_mark.prl?PidBox=MG0560,MG0560,24,,,,IA,JOHNSON,SWISHER (2018),41 50 02.     (N),091 38 07.     (W),41.8338888889,-91.6352777778,,NAD 83,(1986),,SCALED,262.153,NAVD 88,,ADJUSTED,-32.474,GEOID18,262.053,980236.3,,,,,,,,1,2,,,,IA S,205320.,654880.,,,,,,,,C,1934,1966,MARK NOT FOUND,USGS,,I = METAL ROD,32 = SET IN A RETAINING WALL OR CONCRETE LEDGE,
,20260103,http://www.ngs.noaa.gov/cgi-bin/ds_mark.prl?PidBox=MJ0304,MJ0304,24 33,,,,IA,CRAWFORD,MANILLA (2018),41 53 24.     (N),095 13 42.     (W),41.8900000000,-95.2283333333,,NAD 83,(1986),,SCALED,424.496,NAVD 88,,ADJUSTED,-29.489,GEOID18,424.298,980146.0,,,,,,,,2,0,,,,IA N,1044790.,1356570.,,,,,,,,D,1934,1942,GOOD,CGS,,DD = SURVEY DISK,9 = POST (STONE OR PRECAST CONCRETE),1392.120 24-33
,20260103,http://www.ngs.noaa.gov/cgi-bin/ds_mark.prl?PidBox=AE9195,AE9195,24 RESET,,,,IA,JOHNSON,SWISHER (2018),41 50 00.37   (N),091 38 07.70   (W),41.8334361111,-91.6354722222,,NAD 83,(1986),,HD_HELD1,261.179,NAVD 88,,ADJUSTED,-32.475,GEOID18,261.080,980236.4,,,,,,,,2,1,,,,IA S,205267.8,654869.3,,,,,,,,,UNK,20200713,MARK NOT FOUND,IADT,Y,,,
,20260103,http://www.ngs.noaa.gov/cgi-bin/ds_mark.prl?PidBox=NJ0407,NJ0407,240,,,,IA,CLAYTON,CLAYTON (2018),42 56 31.     (N),091 10 13.     (W),42.9419444444,-91.1702777778,,NAD 83,(1986),,SCALED,191.39,NAVD 88,,VERTCON3,-31.548,GEOID18,,,,,,,,,,,,,,,IA N,1162790.,1690110.,,,,,,,,D,UNK,1970,GOOD,NGS,,P = PIPE CAP,17 = SET INTO TOP OF METAL PIPE DRIVEN INTO GROUND,42 DEG 56 MIN 29 SEC 91 DEG 10 MIN 15 SEC
,20260103,http://www.ngs.noaa.gov/cgi-bin/ds_mark.prl?PidBox=DQ5924,DQ5924,2406 W RESET,,,,IA,WORTH,BRISTOL (2018),43 29 58.12   (N),093 25 43.18   (W),43.4994777778,-93.4286611111,,NAD 83,(1986),,HD_HELD1,393.634,NAVD 88,,ADJUSTED,-29.451,GEOID18,393.525,980333.5,,,,,,,,2,1,,,,IA N,1222110.5,1505770.0,,,,,,,,B,20160801,20160801,MONUMENTED,MNDT,N,I = METAL ROD,50 = ALUMINUM ALLOY ROD W/O SLEEVE (10 FT.+),2406 W RESET 2016
,20260103,http://www.ngs.noaa.gov/cgi-bin/ds_mark.prl?PidBox=NJ0403,NJ0403,242,,,,IA,CLAYTON,GUTTENBERG (2018),42 52 29.     (N),091 06 14.     (W),42.8747222222,-91.1038888889,,NAD 83,(1986),,SCALED,192.04,NAVD 88,,VERTCON3,-31.716,GEOID18,,,,,,,,,,,,,,,IA N,1155480.,1695740.,,,,,,,,A,UNK,1970,MARK NOT FOUND,NGS,,B = BOLT,66 = SET IN ROCK OUTCROP,
,20260103,http://www.ngs.noaa.gov/cgi-bin/ds_mark.prl?PidBox=NJ0402,NJ0402,243,,,,IA,CLAYTON,GUTTENBERG (2018),42 50 43.     (N),091 06 26.     (W),42.8452777778,-91.1072222222,,NAD 83,(1986),,SCALED,188.78,NAVD 88,,VERTCON3,-31.717,GEOID18,,,,,,,,,,,,,,,IA N,1152200.,1695560.,,,,,,,,D,UNK,1970,MARK NOT FOUND,NGS,,B = BOLT,31 = SET IN A PAVEMENT SUCH AS STREET SIDEWALK CURB ETC.,42 DEG 50 MIN 55 SEC 91 DEG 06 MIN 29 SEC
,20260103,http://www.ngs.noaa.gov/cgi-bin/ds_mark.prl?PidBox=NJ0394,NJ0394,245,,,,IA,CLAYTON,GUTTENBERG (2018),42 48 51.     (N),091 06 28.     (W),42.8141666667,-91.1077777778,,NAD 83,(1986),,SCALED,188.053,NAVD 88,,ADJUSTED,-31.732,GEOID18,188.002,980348.2,,,,,,,,1,1,,,,IA N,1148740.,1695620.,,,,,,,,D,UNK,1970,GOOD,NGS,,B = BOLT,31 = SET IN A PAVEMENT SUCH AS STREET SIDEWALK CURB ETC.,42 DEG 48 MIN 51 SEC 91 DEG 06 MIN 30 SEC
,20260103,http://www.ngs.noaa.gov/cgi-bin/ds_mark.prl?PidBox=NJ0395,NJ0395,246,,,,IA,CLAYTON,GUTTENBERG (2018),42 48 51.     (N),091 06 28.     (W),42.8141666667,-91.1077777778,,NAD 83,(1986),,SCALED,189.293,NAVD 88,,ADJUSTED,-31.732,GEOID18,189.242,980348.2,,,,,,,,1,1,,,,IA N,1148740.,1695620.,,,,,,,,D,UNK,1970,GOOD,NGS,,P = PIPE CAP,17 = SET INTO TOP OF METAL PIPE DRIVEN INTO GROUND,42 DEG 48 MIN 51 SEC 91 DEG 06 MIN 30 SEC
,20260103,http://www.ngs.noaa.gov/cgi-bin/ds_mark.prl?PidBox=NJ0396,NJ0396,246 RESET,,,,IA,CLAYTON,GUTTENBERG (2018),42 48 51.     (N),091 06 28.     (W),42.8141666667,-91.1077777778,,NAD 83,(1986),,SCALED,189.274,NAVD 88,,ADJUSTED,-31.732,GEOID18,189.223,980348.2,,,,,,,,1,1,,,,IA N,1148740.,1695620.,,,,,,,,D,1970,1970,GOOD,NGS,,P = PIPE CAP,17 = SET INTO TOP OF METAL PIPE DRIVEN INTO GROUND,42 DEG 48 MIN 51 SEC 91 DEG 06 MIN 30 SEC
,20260103,http://www.ngs.noaa.gov/cgi-bin/ds_mark.prl?PidBox=OO1469,OO1469,2480 A,,,,IA,WORTH,FERTILE NE (2018),43 29 58.03   (N),093 21 10.53   (W),43.4994527778,-93.3529250000,,NAD 83,(1986),,HD_HELD1,386.730,NAVD 88,,ADJUSTED,-29.294,GEOID18,386.629,980345.6,,,,,,,,2,1,,,,IA N,1222115.6,1511895.6,,,,,,,,B,1973,20160728,GOOD,MNDT,N,DB = BENCH MARK DISK,38 = SET IN THE ABUTMENT OR PIER OF A LARGE BRIDGE,2480 A 1973
,20260103,http://www.ngs.noaa.gov/cgi-bin/ds_mark.prl?PidBox=MG0561,MG0561,25,,,,IA,JOHNSON,SWISHER (2018),41 50 25.     (N),091 38 26.     (W),41.8402777778,-91.6405555556,,NAD 83,(1986),,SCALED,262.751,NAVD 88,,ADJUSTED,-32.464,GEOID18,262.651,980236.4,,,,,,,,1,2,,,,IA S,206020.,654430.,,,,,,,,C,1934,19980106,MARK NOT FOUND,NGS,,I = METAL ROD,32 = SET IN A RETAINING WALL OR CONCRETE LEDGE,
,20260103,http://www.ngs.noaa.gov/cgi-bin/ds_mark.prl?PidBox=MH0419,MH0419,25 10,,,,IA,DALLAS,WAUKEE (2018),41 31 44.     (N),093 57 17.     (W),41.5288888889,-93.9547222222,,NAD 83,(1986),,SCALED,269.672,NAVD 88,,ADJUSTED,-30.716,GEOID18,269.552,980172.6,,,,,,,,1,2,,,,IA S,169880.,462050.,,,,,,,,D,1934,1950,GOOD,CGS,,DD = SURVEY DISK,9 = POST (STONE OR PRECAST CONCRETE),25-10
,20260103,http://www.ngs.noaa.gov/cgi-bin/ds_mark.prl?PidBox=MH0424,MH0424,25 463,,,,IA,DALLAS,WAUKEE (2018),41 31 26.     (N),093 53 12.     (W),41.5238888889,-93.8866666667,,NAD 83,(1986),,SCALED,260.212,NAVD 88,,ADJUSTED,-30.887,GEOID18,260.098,980179.5,,,,,,,,1,2,,,,IA S,169300.,467730.,,,,,,,,D,1934,1950,GOOD,CGS,,DD = SURVEY DISK,9 = POST (STONE OR PRECAST CONCRETE),25-463
,20260103,http://www.ngs.noaa.gov/cgi-bin/ds_mark.prl?PidBox=MJ0020,MJ0020,25 61,,,,IA,DALLAS,REDFIELD (2018),41 31 06.     (N),094 13 35.     (W),41.5183333333,-94.2263888889,,NAD 83,(1986),,SCALED,349.260,NAVD 88,,ADJUSTED,-29.749,GEOID18,349.110,980183.9,,,,,,,,1,2,,,,IA S,168860.,439370.,,,,,,,,D,1934,1980,MARK NOT FOUND,USGS,,DD = SURVEY DISK,9 = POST (STONE OR PRECAST CONCRETE),25-61
,20260103,http://www.ngs.noaa.gov/cgi-bin/ds_mark.prl?PidBox=MJ0018,MJ0018,25 62,,,,IA,DALLAS,REDFIELD (2018),41 31 05.     (N),094 13 57.     (W),41.5180555556,-94.2325000000,,NAD 83,(1986),,SCALED,350.860,NAVD 88,,ADJUSTED,-29.719,GEOID18,350.710,980184.7,,,,,,,,1,2,,,,IA S,168840.,438860.,,,,,,,,D,1934,1950,GOOD,CGS,,DD = SURVEY DISK,9 = POST (STONE OR PRECAST CONCRETE),25-62
,20260103,http://www.ngs.noaa.gov/cgi-bin/ds_mark.prl?PidBox=MJ0024,MJ0024,25 64,,,,IA,MADISON,REDFIELD (2018),41 30 12.     (N),094 12 06.     (W),41.5033333333,-94.2016666667,,NAD 83,(1986),,SCALED,347.715,NAVD 88,,ADJUSTED,-29.941,GEOID18,347.563,980176.8,,,,,,,,1,2,,,,IA S,167180.,441420.,,,,,,,,D,1934,1980,MARK NOT FOUND,USGS,,DD = SURVEY DISK,9 = POST (STONE OR PRECAST CONCRETE),25-64
,20260103,http://www.ngs.noaa.gov/cgi-bin/ds_mark.prl?PidBox=MJ0025,MJ0025,25 65,,,,IA,MADISON,REDFIELD (2018),41 30 12.     (N),094 11 18.     (W),41.5033333333,-94.1883333333,,NAD 83,(1986),,SCALED,345.250,NAVD 88,,ADJUSTED,-30.001,GEOID18,345.098,980175.1,,,,,,,,1,2,,,,IA S,167170.,442530.,,,,,,,,D,1934,1980,MARK NOT FOUND,USGS,,DD = SURVEY DISK,9 = POST (STONE OR PRECAST CONCRETE),25-65
,20260103,http://www.ngs.noaa.gov/cgi-bin/ds_mark.prl?PidBox=MJ0085,MJ0085,25 68,,,,IA,MADISON,EARLHAM EAST (2018),41 29 45.     (N),094 07 24.     (W),41.4958333333,-94.1233333333,,NAD 83,(1986),,SCALED,332.221,NAVD 88,,ADJUSTED,-30.283,GEOID18,332.074,980172.4,,,,,,,,1,2,,,,IA S,166300.,447950.,,,,,,,,D,1934,1950,GOOD,CGS,,DD = SURVEY DISK,9 = POST (STONE OR PRECAST CONCRETE),25-68
,20260103,http://www.ngs.noaa.gov/cgi-bin/ds_mark.prl?PidBox=MJ0087,MJ0087,25 69,,,,IA,MADISON,EARLHAM EAST (2018),41 29 33.     (N),094 07 23.     (W),41.4925000000,-94.1230555556,,NAD 83,(1986),,SCALED,335.708,NAVD 88,,ADJUSTED,-30.294,GEOID18,335.559,980171.8,,,,,,,,1,2,,,,IA S,165930.,447970.,,,,,,,,D,1934,20090513,MARK NOT FOUND,GEOCAC,,DD = SURVEY DISK,9 = POST (STONE OR PRECAST CONCRETE),25-69
,20260103,http://www.ngs.noaa.gov/cgi-bin/ds_mark.prl?PidBox=MJ0029,MJ0029,25 75,,,,IA,DALLAS,ADEL (2018),41 32 08.     (N),094 00 35.     (W),41.5355555556,-94.0097222222,,NAD 83,(1986),,SCALED,297.305,NAVD 88,,ADJUSTED,-30.545,GEOID18,297.173,980171.6,,,,,,,,1,2,,,,IA S,170650.,457470.,,,,,,,,D,1934,1950,GOOD,CGS,,DD = SURVEY DISK,9 = POST (STONE OR PRECAST CONCRETE),25-75
,20260103,http://www.ngs.noaa.gov/cgi-bin/ds_mark.prl?PidBox=NJ0285,NJ0285,253 BOLT,,,,IA,CLAYTON,CASSVILLE (2018),42 41 23.     (N),090 59 05.     (W),42.6897222222,-90.9847222222,,NAD 83,(1986),,SCALED,187.90,NAVD 88,,VERTCON3,-32.028,GEOID18,,,,,,,,,,,,,,,IA N,1135220.,1706090.,,,,,,,,D,UNK,1970,MARK NOT FOUND,NGS,,B = BOLT,31 = SET IN A PAVEMENT SUCH AS STREET SIDEWALK CURB ETC.,42 DEG 41 MIN 22 SEC 90 DEG 59 MIN 06 SEC
,20260103,http://www.ngs.noaa.gov/cgi-bin/ds_mark.prl?PidBox=NJ0286,NJ0286,254 CAP,,,,IA,CLAYTON,CASSVILLE (2018),42 41 23.     (N),090 59 05.     (W),42.6897222222,-90.9847222222,,NAD 83,(1986),,SCALED,189.12,NAVD 88,,VERTCON3,-32.028,GEOID18,,,,,,,,,,,,,,,IA N,1135220.,1706090.,,,,,,,,D,UNK,1970,MARK NOT FOUND,NGS,,P = PIPE CAP,17 = SET INTO TOP OF METAL PIPE DRIVEN INTO GROUND,42 DEG 41 MIN 22 SEC 90 DEG 59 MIN 06 SEC
,20260103,http://www.ngs.noaa.gov/cgi-bin/ds_mark.prl?PidBox=NJ0292,NJ0292,256,,,,IA,CLAYTON,CASSVILLE (2018),42 40 23.     (N),090 54 48.     (W),42.6730555556,-90.9133333333,,NAD 83,(1986),,SCALED,189.93,NAVD 88,,VERTCON3,-32.194,GEOID18,,,,,,,,,,,,,,,IA N,1133540.,1711990.,,,,,,,,D,UNK,1970,MARK NOT FOUND,NGS,,B = BOLT,31 = SET IN A PAVEMENT SUCH AS STREET SIDEWALK CURB ETC.,42 DEG 40 MIN 23 SEC 90 DEG 54 MIN 50 SEC
,20260103,http://www.ngs.noaa.gov/cgi-bin/ds_mark.prl?PidBox=NM0824,NM0824,257,,,,IA,PLYMOUTH,ELK POINT NE (2018),42 43 59.     (N),096 36 47.     (W),42.7330555556,-96.6130555556,,NAD 83,(1986),,SCALED,347.277,NAVD 88,,ADJUSTED,-25.704,GEOID18,347.178,980325.6,,,,,,,,1,2,,,,IA N,1141660.,1245130.,,,,,,,,D,1934,1948,GOOD,CGS,,DD = SURVEY DISK,9 = POST (STONE OR PRECAST CONCRETE),75-257
,20260103,http://www.ngs.noaa.gov/cgi-bin/ds_mark.prl?PidBox=NJ0293,NJ0293,257,,,,IA,CLAYTON,CASSVILLE (2018),42 40 23.     (N),090 54 48.     (W),42.6730555556,-90.9133333333,,NAD 83,(1986),,SCALED,191.15,NAVD 88,,VERTCON3,-32.194,GEOID18,,,,,,,,,,,,,,,IA N,1133540.,1711990.,,,,,,,,D,UNK,1970,MARK NOT FOUND,NGS,,P = PIPE CAP,17 = SET INTO TOP OF METAL PIPE DRIVEN INTO GROUND,42 DEG 40 MIN 23 SEC 90 DEG 54 MIN 50 SEC
,20260103,http://www.ngs.noaa.gov/cgi-bin/ds_mark.prl?PidBox=NJ0296,NJ0296,258,,,,IA,DUBUQUE,BALLTOWN (2018),42 40 04.     (N),090 52 16.     (W),42.6677777778,-90.8711111111,,NAD 83,(1986),,SCALED,187.51,NAVD 88,,VERTCON3,-32.283,GEOID18,,,,,,,,,,,,,,,IA N,1133060.,1715470.,,,,,,,,D,UNK,1970,MARK NOT FOUND,NGS,,B = BOLT,21 = SET IN CONCRETE IN A CLAY TILE PIPE,42 DEG 40 MIN 05 SEC 90 DEG 52 MIN 46 SEC
,20260103,http://www.ngs.noaa.gov/cgi-bin/ds_mark.prl?PidBox=NJ0297,NJ0297,259,,,,IA,DUBUQUE,BALLTOWN (2018),42 40 04.     (N),090 52 16.     (W),42.6677777778,-90.8711111111,,NAD 83,(1986),,SCALED,188.72,NAVD 88,,VERTCON3,-32.283,GEOID18,,,,,,,,,,,,,,,IA N,1133060.,1715470.,,,,,,,,D,UNK,1970,MARK NOT FOUND,NGS,,P = PIPE CAP,17 = SET INTO TOP OF METAL PIPE DRIVEN INTO GROUND,42 DEG 40 MIN 05 SEC 90 DEG 52 MIN 46 SEC
,20260103,http://www.ngs.noaa.gov/cgi-bin/ds_mark.prl?PidBox=MG0562,MG0562,26,,,,IA,JOHNSON,SWISHER (2018),41 50 55.     (N),091 38 45.     (W),41.8486111111,-91.6458333333,,NAD 83,(1986),,SCALED,241.165,NAVD 88,,ADJUSTED,-32.451,GEOID18,241.073,980236.7,,,,,,,,1,2,,,,IA S,206940.,653970.,,,,,,,,B,1934,19980106,MARK NOT FOUND,NGS,,R = RIVET,36 = SET IN A MASSIVE STRUCTURE,
,20260103,http://www.ngs.noaa.gov/cgi-bin/ds_mark.prl?PidBox=MG0413,MG0413,26,,,,IA,LOUISA,BLANCHARD ISLAND (2018),41 19 26.     (N),091 04 37.     (W),41.3238888889,-91.0769444444,,NAD 83,(1986),,SCALED,166.98,NAVD 88,,VERTCON3,-32.967,GEOID18,,,,,,,,,,,,,,,IA S,149840.,702830.,,,,,,,,B,1880,1940,GOOD,CGS,,B = BOLT,36 = SET IN A MASSIVE STRUCTURE,
,20260103,http://www.ngs.noaa.gov/cgi-bin/ds_mark.prl?PidBox=NJ0300,NJ0300,261,,,,IA,DUBUQUE,BALLTOWN (2018),42 39 19.     (N),090 48 35.     (W),42.6552777778,-90.8097222222,,NAD 83,(1986),,SCALED,189.64,NAVD 88,,VERTCON3,-32.390,GEOID18,,,,,,,,,,,,,,,IA N,1131830.,1720540.,,,,,,,,D,UNK,1970,MARK NOT FOUND,NGS,,P = PIPE CAP,17 = SET INTO TOP OF METAL PIPE DRIVEN INTO GROUND,42 DEG 39 MIN 19 SEC 90 DEG 48 MIN 36 SEC
,20260103,http://www.ngs.noaa.gov/cgi-bin/ds_mark.prl?PidBox=NJ0302,NJ0302,263,,,,IA,DUBUQUE,BALLTOWN (2018),42 38 46.     (N),090 45 36.     (W),42.6461111111,-90.7600000000,,NAD 83,(1986),,SCALED,185.98,NAVD 88,,VERTCON3,-32.466,GEOID18,,,,,,,,,,,,,,,IA N,1130950.,1724650.,,,,,,,,D,UNK,1970,MARK NOT FOUND,NGS,,B = BOLT,21 = SET IN CONCRETE IN A CLAY TILE PIPE,42 DEG 38 MIN 46 SEC 90 DEG 45 MIN 38 SEC
,20260103,http://www.ngs.noaa.gov/cgi-bin/ds_mark.prl?PidBox=MJ0269,MJ0269,264,,,,IA,SHELBY,JACKSONVILLE (2018),41 38 42.     (N),095 14 23.     (W),41.6450000000,-95.2397222222,,NAD 83,(1986),,SCALED,390.510,NAVD 88,,ADJUSTED,-28.768,GEOID18,390.336,980166.0,,,,,,,,2,0,,,,IA S,184130.,355080.,,,,,,,,D,1934,1949,GOOD,CGS,,DD = SURVEY DISK,9 = POST (STONE OR PRECAST CONCRETE),264
,20260103,http://www.ngs.noaa.gov/cgi-bin/ds_mark.prl?PidBox=NJ0303,NJ0303,264,,,,IA,DUBUQUE,BALLTOWN (2018),42 38 46.     (N),090 45 36.     (W),42.6461111111,-90.7600000000,,NAD 83,(1986),,SCALED,187.20,NAVD 88,,VERTCON3,-32.466,GEOID18,,,,,,,,,,,,,,,IA N,1130950.,1724650.,,,,,,,,D,UNK,1970,GOOD,NGS,,P = PIPE CAP,17 = SET INTO TOP OF METAL PIPE DRIVEN INTO GROUND,42 DEG 38 MIN 46 SEC 90 DEG 45 MIN 38 SEC
,20260103,http://www.ngs.noaa.gov/cgi-bin/ds_mark.prl?PidBox=NJ0305,NJ0305,265,,,,IA,DUBUQUE,POTOSI (2018),42 38 27.71   (N),090 44 00.65   (W),42.6410305556,-90.7335138889,,NAD 83,(1986),,HD_HELD1,186.14,NAVD 88,,VERTCON3,-32.505,GEOID18,,,,,,,,,,,,,,,IA N,1130453.5,1726837.8,,,,,,,,D,UNK,1970,GOOD,NGS,,B = BOLT,21 = SET IN CONCRETE IN A CLAY TILE PIPE,
,20260103,http://www.ngs.noaa.gov/cgi-bin/ds_mark.prl?PidBox=NJ0309,NJ0309,267,,,,IA,DUBUQUE,DUBUQUE NORTH (2018),42 37 20.     (N),090 42 20.     (W),42.6222222222,-90.7055555556,,NAD 83,(1986),,SCALED,185.59,NAVD 88,,VERTCON3,-32.549,GEOID18,,,,,,,,,,,,,,,IA N,1128440.,1729200.,,,,,,,,D,UNK,1970,MARK NOT FOUND,NGS,,B = BOLT,21 = SET IN CONCRETE IN A CLAY TILE PIPE,
,20260103,http://www.ngs.noaa.gov/cgi-bin/ds_mark.prl?PidBox=NJ0310,NJ0310,268,,,,IA,DUBUQUE,DUBUQUE NORTH (2018),42 37 20.     (N),090 42 20.     (W),42.6222222222,-90.7055555556,,NAD 83,(1986),,SCALED,186.81,NAVD 88,,VERTCON3,-32.549,GEOID18,,,,,,,,,,,,,,,IA N,1128440.,1729200.,,,,,,,,D,UNK,1970,GOOD,NGS,,P = PIPE CAP,17 = SET INTO TOP OF METAL PIPE DRIVEN INTO GROUND,
,20260103,http://www.ngs.noaa.gov/cgi-bin/ds_mark.prl?PidBox=NJ0311,NJ0311,269,,,,IA,DUBUQUE,DUBUQUE NORTH (2018),42 36 32.16   (N),090 42 12.02   (W),42.6089333333,-90.7033388889,,NAD 83,(1986),,HD_HELD1,188.19,NAVD 88,,VERTCON3,-32.550,GEOID18,,,,,,,,,,,,,,,IA N,1126971.5,1729429.1,,,,,,,,D,UNK,1970,MARK NOT FOUND,NGS,,B = BOLT,21 = SET IN CONCRETE IN A CLAY TILE PIPE,42 DEG 36 MIN 32 SEC 90 DEG 42 MIN 13 SEC
,20260103,http://www.ngs.noaa.gov/cgi-bin/ds_mark.prl?PidBox=MG0535,MG0535,27,,,,IA,JOHNSON,IOWA CITY WEST (2018),41 39 57.     (N),091 33 30.     (W),41.6658333333,-91.5583333333,,NAD 83,(1986),,SCALED,197.634,NAVD 88,,ADJUSTED,-32.617,GEOID18,197.559,980236.1,,,,,,,,1,2,,,,IA S,186800.,661690.,,,,,,,,C,UNK,1964,MARK NOT FOUND,CGS,,DB = BENCH MARK DISK,7 = SET IN TOP OF CONCRETE MONUMENT,27
,20260103,http://www.ngs.noaa.gov/cgi-bin/ds_mark.prl?PidBox=AE9197,AE9197,27 13,,,,IA,LINN,CEDAR RAPIDS SOUTH (2018),41 52 39.94   (N),091 38 48.06   (W),41.8777611111,-91.6466833333,,NAD 83,(1986),,HD_HELD1,236.228,NAVD 88,,ADJUSTED,-32.418,GEOID18,236.139,980238.3,,,,,,,,2,1,,,,IA N,1043647.1,1653836.0,,,,,,,,D,UNK,20140730,GOOD,NGS,N,DB = BENCH MARK DISK,31 = SET IN A PAVEMENT SUCH AS STREET SIDEWALK CURB ETC.,2713
,20260103,http://www.ngs.noaa.gov/cgi-bin/ds_mark.prl?PidBox=NJ0312,NJ0312,270,,,,IA,DUBUQUE,DUBUQUE NORTH (2018),42 36 32.16   (N),090 42 12.02   (W),42.6089333333,-90.7033388889,,NAD 83,(1986),,HD_HELD1,189.41,NAVD 88,,VERTCON3,-32.550,GEOID18,,,,,,,,,,,,,,,IA N,1126971.5,1729429.1,,,,,,,,D,UNK,1970,GOOD,NGS,,P = PIPE CAP,17 = SET INTO TOP OF METAL PIPE DRIVEN INTO GROUND,42 DEG 36 MIN 32 SEC 90 DEG 42 MIN 13 SEC
,20260103,http://www.ngs.noaa.gov/cgi-bin/ds_mark.prl?PidBox=MJ0390,MJ0390,276,,,,IA,SHELBY,HARLAN (2018),41 38 45.     (N),095 20 22.     (W),41.6458333333,-95.3394444444,,NAD 83,(1986),,SCALED,404.682,NAVD 88,,ADJUSTED,-29.086,GEOID18,404.495,980147.8,,,,,,,,2,0,,,,IA S,184390.,346770.,,,,,,,,D,1934,1975,MARK NOT FOUND,USGS,,DD = SURVEY DISK,9 = POST (STONE OR PRECAST CONCRETE),276
,20260103,http://www.ngs.noaa.gov/cgi-bin/ds_mark.prl?PidBox=NJ0320,NJ0320,277,,,,IA,DUBUQUE,DUBUQUE NORTH (2018),42 31 49.     (N),090 38 51.     (W),42.5302777778,-90.6475000000,,NAD 83,(1986),,SCALED,186.34,NAVD 88,,VERTCON3,-32.624,GEOID18,,,,,,,,,,,,,,,IA N,1118390.,1734300.,,,,,,,,D,UNK,1934,MARK NOT FOUND,CGS,,P = PIPE CAP,17 = SET INTO TOP OF METAL PIPE DRIVEN INTO GROUND,
,20260103,http://www.ngs.noaa.gov/cgi-bin/ds_mark.prl?PidBox=NJ0323,NJ0323,278,,,,IA,DUBUQUE,DUBUQUE NORTH (2018),42 30 30.9    (N),090 39 48.8    (W),42.5085833333,-90.6635555556,,NAD 83,(1986),,HD_HELD2,185.489,NAVD 88,,ADJUSTED,-32.593,GEOID18,185.433,980316.0,,,,,,,,2,1,,,,IA N,1115940.,1733065.,,,,,,,,D,UNK,20071022,GOOD,WIDT,N,B = BOLT,31 = SET IN A PAVEMENT SUCH AS STREET SIDEWALK CURB ETC.,NO STAMPING
,20260103,http://www.ngs.noaa.gov/cgi-bin/ds_mark.prl?PidBox=MJ0389,MJ0389,278,,,,IA,SHELBY,HARLAN (2018),41 38 45.     (N),095 21 42.     (W),41.6458333333,-95.3616666667,,NAD 83,(1986),,SCALED,416.018,NAVD 88,,ADJUSTED,-29.128,GEOID18,415.824,980143.6,,,,,,,,2,0,,,,IA S,184430.,344920.,,,,,,,,D,1934,1949,GOOD,CGS,,DD = SURVEY DISK,9 = POST (STONE OR PRECAST CONCRETE),278
,20260103,http://www.ngs.noaa.gov/cgi-bin/ds_mark.prl?PidBox=MJ0388,MJ0388,279,,,,IA,SHELBY,HARLAN (2018),41 38 44.     (N),095 22 10.     (W),41.6455555556,-95.3694444444,,NAD 83,(1986),,SCALED,417.832,NAVD 88,,ADJUSTED,-29.140,GEOID18,417.636,980142.3,,,,,,,,2,0,,,,IA S,184410.,344270.,,,,,,,,D,1934,1949,GOOD,CGS,,DD = SURVEY DISK,9 = POST (STONE OR PRECAST CONCRETE),279
,20260103,http://www.ngs.noaa.gov/cgi-bin/ds_mark.prl?PidBox=MG0536,MG0536,28,,,,IA,JOHNSON,IOWA CITY WEST (2018),41 40 06.     (N),091 33 55.     (W),41.6683333333,-91.5652777778,,NAD 83,(1986),,SCALED,198.375,NAVD 88,,ADJUSTED,-32.615,GEOID18,198.299,980235.7,,,,,,,,1,2,,,,IA S,187060.,661110.,,,,,,,,C,UNK,1964,MARK NOT FOUND,CGS,,DB = BENCH MARK DISK,7 = SET IN TOP OF CONCRETE MONUMENT,28
,20260103,http://www.ngs.noaa.gov/cgi-bin/ds_mark.prl?PidBox=MG0412,MG0412,28,,,,IA,MUSCATINE,MUSCATINE (2018),41 25 08.     (N),091 02 48.     (W),41.4188888889,-91.0466666667,,NAD 83,(1986),,SCALED,168.017,NAVD 88,,ADJUSTED,-32.882,GEOID18,167.950,980223.8,,,,,,,,1,2,,,,IA S,160460.,705060.,,,,,,,,B,1880,19980819,MARK NOT FOUND,USPSQD,,B = BOLT,36 = SET IN A MASSIVE STRUCTURE,
,20260103,http://www.ngs.noaa.gov/cgi-bin/ds_mark.prl?PidBox=MJ0387,MJ0387,280,,,,IA,SHELBY,PANAMA (2018),41 38 46.     (N),095 23 01.     (W),41.6461111111,-95.3836111111,,NAD 83,(1986),,SCALED,416.438,NAVD 88,,ADJUSTED,-29.166,GEOID18,416.241,980139.8,,,,,,,,2,0,,,,IA S,184500.,343100.,,,,,,,,D,1934,1949,GOOD,CGS,,DD = SURVEY DISK,9 = POST (STONE OR PRECAST CONCRETE),280
,20260103,http://www.ngs.noaa.gov/cgi-bin/ds_mark.prl?PidBox=DK6904,DK6904,2802 W 1,,,,IA,ALLAMAKEE,NEW ALBIN (2018),43 29 49.5    (N),091 17 27.0    (W),43.4970833333,-91.2908333333,,NAD 83,(1986),,HD_HELD2,197.300,NAVD 88,,ADJUSTED,-31.343,GEOID18,197.261,980415.0,,,,,,,,2,1,,,,IA N,1224177.,1678667.,,,,,,,,B,20060724,20240918,GOOD,MNDT,N,F = FLANGE-ENCASED ROD,50 = ALUMINUM ALLOY ROD W/O SLEEVE (10 FT.+),2802 W 1 2006
,20260103,http://www.ngs.noaa.gov/cgi-bin/ds_mark.prl?PidBox=DK6902,DK6902,2806 J 3,,,,IA,ALLAMAKEE,WAUKON NW (2018),43 29 46.81   (N),091 22 51.44   (W),43.4963361111,-91.3809555556,,NAD 83,(1986),,HD_HELD1,351.753,NAVD 88,,ADJUSTED,-31.038,GEOID18,351.678,980394.9,,,,,,,,2,1,,,,IA N,1223907.0,1671382.3,,,,,,,,B,20060724,20230913,GOOD,IADT,Y,DD = SURVEY DISK,50 = ALUMINUM ALLOY ROD W/O SLEEVE (10 FT.+),2806 J 3 2006
,20260103,http://www.ngs.noaa.gov/cgi-bin/ds_mark.prl?PidBox=MJ0385,MJ0385,281,,,,IA,SHELBY,PANAMA (2018),41 38 46.     (N),095 23 37.     (W),41.6461111111,-95.3936111111,,NAD 83,(1986),,SCALED,407.549,NAVD 88,,ADJUSTED,-29.180,GEOID18,407.356,980138.4,,,,,,,,2,0,,,,IA S,184520.,342260.,,,,,,,,D,1934,1949,GOOD,CGS,,DD = SURVEY DISK,9 = POST (STONE OR PRECAST CONCRETE),281
,20260103,http://www.ngs.noaa.gov/cgi-bin/ds_mark.prl?PidBox=MJ0384,MJ0384,282,,,,IA,SHELBY,PANAMA (2018),41 38 45.38069(N),095 24 07.37958(W),41.6459390806,-95.4020498833,394.129,NAD 83,(1996),,ADJUSTED,423.164,NAVD 88,,ADJUSTED,-29.190,GEOID18,422.963,980137.4,,,,,,,3,2,0,-449397.650,-4752315.803,4216560.092,IA S,184515.472,341559.214,-1 15 10.4,0.99991668,15,4613253.797,299962.046,-1 35 48.3,1.00009245,D,1934,19890512,GOOD,NGS,Y,DD = SURVEY DISK,9 = POST (STONE OR PRECAST CONCRETE),282
,20260103,http://www.ngs.noaa.gov/cgi-bin/ds_mark.prl?PidBox=MJ0383,MJ0383,283,,,,IA,SHELBY,PANAMA (2018),41 38 43.     (N),095 24 38.     (W),41.6452777778,-95.4105555556,,NAD 83,(1986),,SCALED,423.134,NAVD 88,,ADJUSTED,-29.198,GEOID18,422.933,980136.7,,,,,,,,2,0,,,,IA S,184460.,340850.,,,,,,,,D,1934,1949,GOOD,CGS,,DD = SURVEY DISK,9 = POST (STONE OR PRECAST CONCRETE),283
,20260103,http://www.ngs.noaa.gov/cgi-bin/ds_mark.prl?PidBox=NJ0212,NJ0212,284,,,,IA,DUBUQUE,MENOMINEE (2018),42 27 24.35   (N),090 37 26.49   (W),42.4567638889,-90.6240250000,,NAD 83,(1986),,HD_HELD1,186.64,NAVD 88,,VERTCON3,-32.605,GEOID18,,,,,,,,,,,,,,,IA N,1110296.9,1736508.1,,,,,,,,D,UNK,1970,MARK NOT FOUND,NGS,,B = BOLT,30 = SET IN A LIGHT STRUCTURE,42 DEG 27 MIN 25 SEC 90 DEG 37 MIN 28 SEC
