FeatureId,DATA_DATE,DATA_SRCE,PID,NAME,HT_MOD,CORS_ID,PACS_SACS,STATE,COUNTY,QUAD,LATITUDE,LONGITUDE,DEC_LAT,DEC_LON,ELLIP_HT,POS_DATUM,DATUM_TAG,POS_EPOCH,POS_SRCE,ORTHO_HT,VERT_DATUM,VERT_EPOCH,VERT_SRCE,GEOID_HT,GEOID_MOD,DYNAMIC_HT,MODEL_GRAV,N_ACC_HZ,N_ACC_EH,N_ACC_STDN,N_ACC_STDE,N_ACC_STDH,N_ACC_CORR,POS_ORDER,VERT_ORDER,VERT_CLASS,ECEF_X,ECEF_Y,ECEF_Z,SPC_ZONE,SPC_NORTH,SPC_EAST,SPC_CONV,SPC_CSF,UTM_ZONE,UTM_NORTH,UTM_EAST,UTM_CONV,UTM_CSF,STABILITY,FIRST_RECV,LAST_RECV,LAST_COND,LAST_RECBY,SAT_USE,MARKER,SETTING,STAMPING
,20260102,http://www.ngs.noaa.gov/cgi-bin/ds_mark.prl?PidBox=MY2150,MY2150,1,,,,MA,PLYMOUTH,SCITUATE (2018),42 08 07.     (N),070 44 22.     (W),42.1352777778,-70.7394444444,,NAD 83,(1986),,SCALED,37.353,NAVD 88,,ADJUSTED,-27.936,GEOID18,37.342,980353.7,,,,,,,,1,2,,,,MA M,876380.,262880.,,,,,,,,C,UNK,20051022,GOOD,USPSQD,,DD = SURVEY DISK,7 = SET IN TOP OF CONCRETE MONUMENT,1
,20260102,http://www.ngs.noaa.gov/cgi-bin/ds_mark.prl?PidBox=LW1547,LW1547,1 AJ,,,,MA,PLYMOUTH,PLYMOUTH (2018),41 58 14.87   (N),070 40 52.84   (W),41.9707972222,-70.6813444444,,NAD 83,(1986),,HD_HELD1,17.272,NAVD 88,,ADJUSTED,-28.268,GEOID18,17.267,980334.0,,,,,,,,1,2,,,,MA M,858151.4,267854.3,,,,,,,,D,1934,20060326,GOOD,GEOCAC,Y,DD = SURVEY DISK,9 = POST (STONE OR PRECAST CONCRETE),1 AJ
,20260102,http://www.ngs.noaa.gov/cgi-bin/ds_mark.prl?PidBox=LW1505,LW1505,1 BC,,,,MA,PLYMOUTH,SNIPATUIT POND (2018),41 48 32.     (N),070 48 20.     (W),41.8088888889,-70.8055555556,,NAD 83,(1986),,SCALED,30.880,NAVD 88,,ADJUSTED,-28.728,GEOID18,30.871,980317.9,,,,,,,,1,2,,,,MA M,840080.,257710.,,,,,,,,C,UNK,1978,GOOD,NGS,,DD = SURVEY DISK,7 = SET IN TOP OF CONCRETE MONUMENT,1-BC
,20260102,http://www.ngs.noaa.gov/cgi-bin/ds_mark.prl?PidBox=MZ0104,MZ0104,100.49,,,,MA,HAMPDEN,WEST SPRINGFIELD (2018),42 06 01.     (N),072 37 38.     (W),42.1002777778,-72.6272222222,,NAD 83,(1986),,SCALED,25.081,NAVD 88,,ADJUSTED,-28.966,GEOID18,25.074,980346.1,,,,,,,,1,2,,,,MA M,872820.,106760.,,,,,,,,D,UNK,1934,GOOD,CGS,,Z = SEE DESCRIPTION,30 = SET IN A LIGHT STRUCTURE,
,20260102,http://www.ngs.noaa.gov/cgi-bin/ds_mark.prl?PidBox=MY5387,MY5387,10000,,,,MA,NORFOLK,NEWTON (2018),42 16 50.01661(N),071 12 02.49347(W),42.2805601694,-71.2006926306,,NAD 83,(1996),,ADJUSTED,33.38,NAVD 88,,VERTCON3,-28.127,GEOID18,,,,,,,,,2,,,,,,MA M,892275.045,224687.715,+0 12 03.8,0.99996470,19,4683272.333,318542.344,-1 28 51.4,1.00000515,C,1979,1979,MONUMENTED,MAGS,,DE = TRAVERSE STATION DISK,7 = SET IN TOP OF CONCRETE MONUMENT,
,20260102,http://www.ngs.noaa.gov/cgi-bin/ds_mark.prl?PidBox=MY5388,MY5388,10001,,,,MA,NORFOLK,NEWTON (2018),42 17 03.35351(N),071 12 15.97163(W),42.2842648639,-71.2044365639,,NAD 83,(1996),,ADJUSTED,37.48,NAVD 88,,VERTCON3,-28.120,GEOID18,,,,,,,,,2,,,,,,MA M,892685.465,224377.480,+0 11 54.7,0.99996414,19,4683691.699,318244.278,-1 29 00.9,1.00000648,C,1979,20050705,GOOD,GEOCAC,N,DE = TRAVERSE STATION DISK,80 = SET IN A BOULDER,
,20260102,http://www.ngs.noaa.gov/cgi-bin/ds_mark.prl?PidBox=MY5389,MY5389,10002,,,,MA,NORFOLK,NEWTON (2018),42 17 18.30548(N),071 12 40.80036(W),42.2884181889,-71.2113334333,13.831,NAD 83,(2011),2010.00,ADJUSTED,41.9,NAVD 88,,GPS OBS,-28.114,GEOID18,,,0.89,1.82,0.41,0.30,0.93,0.14354446,,,,1521985.792,-4473704.395,4269366.745,MA M,893144.844,223807.081,+0 11 38.1,0.99996355,19,4684167.645,317687.586,-1 29 18.0,1.00000898,A,1979,20000630,GOOD,MAHWY,Y,DE = TRAVERSE STATION DISK,66 = SET IN ROCK OUTCROP,10002
,20260102,http://www.ngs.noaa.gov/cgi-bin/ds_mark.prl?PidBox=MY5390,MY5390,10003,,,,MA,NORFOLK,NEWTON (2018),42 18 09.89480(N),071 13 28.97487(W),42.3027485556,-71.2247152417,,NAD 83,(1996),,ADJUSTED,37.45,NAVD 88,,VERTCON3,-28.090,GEOID18,,,,,,,,,2,,,,,,MA M,894732.937,222698.315,+0 11 05.7,0.99996466,19,4685787.680,316625.877,-1 29 51.9,1.00001375,B,1979,20050704,POOR,GEOCAC,,DB = BENCH MARK DISK,36 = SET IN A MASSIVE STRUCTURE,10003
,20260102,http://www.ngs.noaa.gov/cgi-bin/ds_mark.prl?PidBox=MY5391,MY5391,10004,,,,MA,NORFOLK,NEWTON (2018),42 18 20.16535(N),071 13 35.39100(W),42.3056014861,-71.2264975000,,NAD 83,(1996),,ADJUSTED,36.8,NAVD 88,,VERTCON3,-28.084,GEOID18,,,,,,,,,2,,,,,,MA M,895049.353,222550.345,+0 11 01.4,0.99996486,19,4686108.320,316487.256,-1 29 56.5,1.00001438,B,1979,20050704,GOOD,GEOCAC,N,DB = BENCH MARK DISK,36 = SET IN A MASSIVE STRUCTURE,10004
,20260102,http://www.ngs.noaa.gov/cgi-bin/ds_mark.prl?PidBox=MY5428,MY5428,10005,,,,MA,NORFOLK,NEWTON (2018),42 19 11.95863(N),071 14 18.64797(W),42.3199885083,-71.2385133250,,NAD 83,(1996),,ADJUSTED,24.26,NAVD 88,,VERTCON3,-28.059,GEOID18,,,,,,,,,2,,,,,,MA M,896644.286,221554.742,+0 10 32.3,0.99996731,19,4687731.887,315538.876,-1 30 27.2,1.00001867,C,1978,1978,MONUMENTED,MAGS,,DD = SURVEY DISK,7 = SET IN TOP OF CONCRETE MONUMENT,10005
,20260102,http://www.ngs.noaa.gov/cgi-bin/ds_mark.prl?PidBox=MY5429,MY5429,10006,,,,MA,NORFOLK,NEWTON (2018),42 19 12.16414(N),071 14 46.16461(W),42.3200455944,-71.2461568361,,NAD 83,(1996),,ADJUSTED,24.07,NAVD 88,,VERTCON3,-28.067,GEOID18,,,,,,,,,2,,,,,,MA M,896648.724,220924.659,+0 10 13.8,0.99996735,19,4687754.831,314909.162,-1 30 45.7,1.00002153,C,1978,20050403,POOR,GEOCAC,,DD = SURVEY DISK,7 = SET IN TOP OF CONCRETE MONUMENT,10006
,20260102,http://www.ngs.noaa.gov/cgi-bin/ds_mark.prl?PidBox=MY5430,MY5430,10007,,,,MA,MIDDLESEX,NEWTON (2018),42 19 26.18345(N),071 14 58.95145(W),42.3239398472,-71.2497087361,,NAD 83,(1996),,ADJUSTED,24.6,NAVD 88,,VERTCON3,-28.061,GEOID18,,,,,,,,,2,,,,,,MA M,897080.414,220630.602,+0 10 05.3,0.99996740,19,4688194.997,314627.897,-1 30 54.7,1.00002282,B,1978,1978,MONUMENTED,MAGS,,DD = SURVEY DISK,36 = SET IN A MASSIVE STRUCTURE,10007
,20260102,http://www.ngs.noaa.gov/cgi-bin/ds_mark.prl?PidBox=MY5431,MY5431,10008,,,,MA,MIDDLESEX,NATICK (2018),42 19 41.29706(N),071 15 08.35473(W),42.3281380722,-71.2523207583,,NAD 83,(1996),,ADJUSTED,28.99,NAVD 88,,VERTCON3,-28.053,GEOID18,,,,,,,,,2,,,,,,MA M,897546.105,220413.949,+0 09 58.9,0.99996687,19,4688666.879,314425.007,-1 31 01.5,1.00002374,B,1978,1978,MONUMENTED,MAGS,,DD = SURVEY DISK,36 = SET IN A MASSIVE STRUCTURE,10008
,20260102,http://www.ngs.noaa.gov/cgi-bin/ds_mark.prl?PidBox=MY5432,MY5432,10009,,,,MA,MIDDLESEX,NATICK (2018),42 20 05.95702(N),071 15 23.69088(W),42.3349880611,-71.2565808000,,NAD 83,(1996),,ADJUSTED,32.98,NAVD 88,,VERTCON3,-28.040,GEOID18,,,,,,,,,2,,,,,,MA M,898305.961,220060.662,+0 09 48.6,0.99996651,19,4689436.830,314094.177,-1 31 12.6,1.00002525,A,1978,1978,MONUMENTED,MAGS,,DD = SURVEY DISK,66 = SET IN ROCK OUTCROP,10009
,20260102,http://www.ngs.noaa.gov/cgi-bin/ds_mark.prl?PidBox=MY5433,MY5433,10010,,,,MA,MIDDLESEX,NATICK (2018),42 20 24.23973(N),071 15 46.12694(W),42.3400665917,-71.2628130389,,NAD 83,(1996),,ADJUSTED,26.92,NAVD 88,,VERTCON3,-28.034,GEOID18,,,,,,,,,2,,,,,,MA M,898868.616,219545.483,+0 09 33.6,0.99996767,19,4690014.414,313595.724,-1 31 28.2,1.00002754,C,1978,1978,MONUMENTED,MAGS,,DD = SURVEY DISK,7 = SET IN TOP OF CONCRETE MONUMENT,10010
,20260102,http://www.ngs.noaa.gov/cgi-bin/ds_mark.prl?PidBox=MY5434,MY5434,10011,,,,MA,MIDDLESEX,NATICK (2018),42 20 47.42187(N),071 15 43.76067(W),42.3465060750,-71.2621557417,,NAD 83,(1996),,ADJUSTED,23.47,NAVD 88,,VERTCON3,-28.016,GEOID18,,,,,,,,,2,,,,,,MA M,899584.038,219597.654,+0 09 35.2,0.99996849,19,4690728.037,313668.900,-1 31 27.3,1.00002720,C,1978,1978,MONUMENTED,MAGS,,DD = SURVEY DISK,34 = SET IN THE FOOTINGS OF SMALL/MEDIUM STRUCTURES,10011
,20260102,http://www.ngs.noaa.gov/cgi-bin/ds_mark.prl?PidBox=MY5435,MY5435,10012,,,,MA,MIDDLESEX,NATICK (2018),42 21 07.40393(N),071 15 51.75181(W),42.3520566472,-71.2643755028,,NAD 83,(1996),,ADJUSTED,30.62,NAVD 88,,VERTCON3,-28.003,GEOID18,,,,,,,,,2,,,,,,MA M,900200.067,219413.049,+0 09 29.8,0.99996762,19,4691349.261,313502.469,-1 31 33.3,1.00002796,C,1978,20040112,GOOD,GEOCAC,N,DD = SURVEY DISK,34 = SET IN THE FOOTINGS OF SMALL/MEDIUM STRUCTURES,10012
,20260102,http://www.ngs.noaa.gov/cgi-bin/ds_mark.prl?PidBox=MY5436,MY5436,10013,,,,MA,MIDDLESEX,NATICK (2018),42 21 29.35661(N),071 16 12.70729(W),42.3581546139,-71.2701964694,,NAD 83,(1996),,ADJUSTED,44.58,NAVD 88,,VERTCON3,-27.993,GEOID18,,,,,,,,,2,,,,,,MA M,900876.097,218931.637,+0 09 15.7,0.99996572,19,4692039.192,313041.107,-1 31 48.1,1.00003008,A,1978,1978,MONUMENTED,MAGS,,DD = SURVEY DISK,66 = SET IN ROCK OUTCROP,10013
,20260102,http://www.ngs.noaa.gov/cgi-bin/ds_mark.prl?PidBox=MY5437,MY5437,10014,,,,MA,MIDDLESEX,NATICK (2018),42 22 11.18199(N),071 16 11.28950(W),42.3697727750,-71.2698026389,,NAD 83,(1996),,ADJUSTED,37.84,NAVD 88,,VERTCON3,-27.963,GEOID18,,,,,,,,,2,,,,,,MA M,902166.689,218960.599,+0 09 16.7,0.99996735,19,4693328.453,313108.000,-1 31 48.3,1.00002977,B,1978,1978,MONUMENTED,MAGS,,DD = SURVEY DISK,36 = SET IN A MASSIVE STRUCTURE,10014
,20260102,http://www.ngs.noaa.gov/cgi-bin/ds_mark.prl?PidBox=MZ0469,MZ0469,1006.7=149.67,,,,MA,BERKSHIRE,PITTSFIELD EAST (2018),42 27 12.     (N),073 14 31.     (W),42.4533333333,-73.2419444444,,NAD 83,(1986),,SCALED,306.684,NAVD 88,,ADJUSTED,-29.812,GEOID18,306.577,980266.2,,,,,,,,1,2,,,,MA M,912890.,56720.,,,,,,,,B,UNK,1934,GOOD,CGS,,X = CHISELED CROSS,36 = SET IN A MASSIVE STRUCTURE,
,20260102,http://www.ngs.noaa.gov/cgi-bin/ds_mark.prl?PidBox=MZ0470,MZ0470,1009.2=149.67,,,,MA,BERKSHIRE,PITTSFIELD EAST (2018),42 27 12.     (N),073 14 31.     (W),42.4533333333,-73.2419444444,,NAD 83,(1986),,SCALED,307.463,NAVD 88,,ADJUSTED,-29.812,GEOID18,307.356,980266.2,,,,,,,,1,2,,,,MA M,912890.,56720.,,,,,,,,B,UNK,20040307,GOOD,USPSQD,Y,Q = CHISELED SQUARE,36 = SET IN A MASSIVE STRUCTURE,
,20260102,http://www.ngs.noaa.gov/cgi-bin/ds_mark.prl?PidBox=MZ0471,MZ0471,1009.5=149.67,,,,MA,BERKSHIRE,PITTSFIELD EAST (2018),42 27 12.     (N),073 14 31.     (W),42.4533333333,-73.2419444444,,NAD 83,(1986),,SCALED,307.552,NAVD 88,,ADJUSTED,-29.812,GEOID18,307.445,980266.2,,,,,,,,1,2,,,,MA M,912890.,56720.,,,,,,,,B,UNK,20040307,GOOD,USPSQD,Y,B = BOLT,36 = SET IN A MASSIVE STRUCTURE,
,20260102,http://www.ngs.noaa.gov/cgi-bin/ds_mark.prl?PidBox=MZ0482,MZ0482,1011.8=DRILL,,,,MA,BERKSHIRE,PITTSFIELD WEST (2018),42 26 50.     (N),073 15 49.     (W),42.4472222222,-73.2636111111,,NAD 83,(1986),,SCALED,308.236,NAVD 88,,ADJUSTED,-29.905,GEOID18,308.129,980266.1,,,,,,,,1,2,,,,MA M,912240.,54930.,,,,,,,,B,UNK,1934,GOOD,CGS,,Z = SEE DESCRIPTION,36 = SET IN A MASSIVE STRUCTURE,
,20260102,http://www.ngs.noaa.gov/cgi-bin/ds_mark.prl?PidBox=MY3780,MY3780,102 J,,,,MA,WORCESTER,WORCESTER NORTH (2018),42 21 47.50050(N),071 51 04.76632(W),42.3631945833,-71.8513239778,,NAD 83,(1996),,ADJUSTED,226.,NAVD 88,,SCALED,-28.360,GEOID18,,,,,,,,,2,,,,,,MA M,901470.019,171059.637,-0 14 09.6,0.99993760,19,4694041.098,265198.619,-1 55 19.8,1.00027839,C,1937,1937,MONUMENTED,MAGS,,DE = TRAVERSE STATION DISK,7 = SET IN TOP OF CONCRETE MONUMENT,102 J
,20260102,http://www.ngs.noaa.gov/cgi-bin/ds_mark.prl?PidBox=MY3767,MY3767,102 L,,,,MA,WORCESTER,STERLING (2018),42 24 05.97935(N),071 52 03.12141(W),42.4016609306,-71.8675337250,,NAD 83,(1996),,ADJUSTED,271.,NAVD 88,,SCALED,-28.249,GEOID18,,,,,,,,,2,,,,,,MA M,905748.346,169742.776,-0 14 48.8,0.99993265,19,4698357.683,264007.902,-1 56 04.3,1.00028528,C,1937,20130425,GOOD,INDIV,Y,DD = SURVEY DISK,7 = SET IN TOP OF CONCRETE MONUMENT,102 L
,20260102,http://www.ngs.noaa.gov/cgi-bin/ds_mark.prl?PidBox=MZ0111,MZ0111,103.72,,,,MA,HAMPDEN,WEST SPRINGFIELD (2018),42 06 30.     (N),072 41 07.     (W),42.1083333333,-72.6852777778,,NAD 83,(1986),,SCALED,39.843,NAVD 88,,ADJUSTED,-28.924,GEOID18,39.832,980347.7,,,,,,,,1,2,,,,MA M,873780.,101970.,,,,,,,,D,UNK,1936,MARK NOT FOUND,LOCSUR,,Z = SEE DESCRIPTION,30 = SET IN A LIGHT STRUCTURE,
,20260102,http://www.ngs.noaa.gov/cgi-bin/ds_mark.prl?PidBox=LW5814,LW5814,10300,,,,MA,BARNSTABLE,SAGAMORE (2018),41 46 48.42763(N),070 32 37.89924(W),41.7801187861,-70.5438609000,,NAD 83,(1996),,ADJUSTED,24.99,NAVD 88,,VERTCON3,-28.326,GEOID18,,,,,,,,,2,,,,,,MA M,837092.831,279486.625,+0 38 32.2,0.99999184,19,4626515.370,371700.118,-1 01 43.6,0.99980256,D,1980,1980,MONUMENTED,MAGS,,DE = TRAVERSE STATION DISK,9 = POST (STONE OR PRECAST CONCRETE),10300
,20260102,http://www.ngs.noaa.gov/cgi-bin/ds_mark.prl?PidBox=LW5811,LW5811,10301,,,,MA,BARNSTABLE,SAGAMORE (2018),41 47 00.32064(N),070 32 36.82651(W),41.7834224000,-70.5435629194,,NAD 83,(1996),,ADJUSTED,25.68,NAVD 88,,VERTCON3,-28.324,GEOID18,,,,,,,,,2,,,,,,MA M,837460.012,279507.282,+0 38 32.9,0.99999131,19,4626881.723,371731.468,-1 01 43.1,0.99980246,D,1980,20111116,MARK NOT FOUND,GEOCAC,,DE = TRAVERSE STATION DISK,9 = POST (STONE OR PRECAST CONCRETE),10301
,20260102,http://www.ngs.noaa.gov/cgi-bin/ds_mark.prl?PidBox=LW5810,LW5810,10302,,,,MA,BARNSTABLE,SAGAMORE (2018),41 47 20.64373(N),070 32 44.18068(W),41.7890677028,-70.5456057444,,NAD 83,(1996),,ADJUSTED,24.75,NAVD 88,,VERTCON3,-28.324,GEOID18,,,,,,,,,2,,,,,,MA M,838085.083,279330.456,+0 38 27.9,0.99999076,19,4627511.567,371572.976,-1 01 48.4,0.99980296,D,1980,1980,MONUMENTED,MAGS,,DE = TRAVERSE STATION DISK,9 = POST (STONE OR PRECAST CONCRETE),10302
,20260102,http://www.ngs.noaa.gov/cgi-bin/ds_mark.prl?PidBox=LW5809,LW5809,10303,,,,MA,BARNSTABLE,SAGAMORE (2018),41 47 46.41426(N),070 32 45.56614(W),41.7962261833,-70.5459905944,,NAD 83,(1996),,ADJUSTED,32.76,NAVD 88,,VERTCON3,-28.318,GEOID18,,,,,,,,,2,,,,,,MA M,838879.755,279289.575,+0 38 27.0,0.99998861,19,4628306.944,371555.293,-1 01 49.9,0.99980302,D,1980,1980,MONUMENTED,MAGS,,DE = TRAVERSE STATION DISK,9 = POST (STONE OR PRECAST CONCRETE),10303
,20260102,http://www.ngs.noaa.gov/cgi-bin/ds_mark.prl?PidBox=LW5808,LW5808,10304,,,,MA,BARNSTABLE,SAGAMORE (2018),41 48 03.28465(N),070 32 49.09909(W),41.8009124028,-70.5469719694,,NAD 83,(1996),,ADJUSTED,27.32,NAVD 88,,VERTCON3,-28.315,GEOID18,,,,,,,,,2,,,,,,MA M,839399.300,279202.199,+0 38 24.6,0.99998890,19,4628828.720,371483.121,-1 01 52.6,0.99980325,D,1980,1980,MONUMENTED,MAGS,,DE = TRAVERSE STATION DISK,9 = POST (STONE OR PRECAST CONCRETE),10304
,20260102,http://www.ngs.noaa.gov/cgi-bin/ds_mark.prl?PidBox=LW5807,LW5807,10305,,,,MA,PLYMOUTH,SAGAMORE (2018),41 48 18.17369(N),070 32 57.33197(W),41.8050482472,-70.5492588806,,NAD 83,(1996),,ADJUSTED,32.74,NAVD 88,,VERTCON3,-28.316,GEOID18,,,,,,,,,2,,,,,,MA M,839856.511,279007.031,+0 38 19.1,0.99998756,19,4629291.344,371301.406,-1 01 58.3,0.99980382,D,1980,1980,MONUMENTED,MAGS,,DE = TRAVERSE STATION DISK,9 = POST (STONE OR PRECAST CONCRETE),10305
,20260102,http://www.ngs.noaa.gov/cgi-bin/ds_mark.prl?PidBox=LW5806,LW5806,10306,,,,MA,PLYMOUTH,SAGAMORE (2018),41 48 49.09433(N),070 33 14.56604(W),41.8136373139,-70.5540461222,,NAD 83,(1996),,ADJUSTED,24.11,NAVD 88,,VERTCON3,-28.316,GEOID18,,,,,,,,,2,,,,,,MA M,840806.002,278598.646,+0 38 07.5,0.99998789,19,4630252.167,370920.962,-1 02 10.5,0.99980503,D,1980,20050430,GOOD,GEOCAC,Y,DE = TRAVERSE STATION DISK,0 = UNSPECIFIED SETTING,10306
,20260102,http://www.ngs.noaa.gov/cgi-bin/ds_mark.prl?PidBox=LW5805,LW5805,10307,,,,MA,PLYMOUTH,SAGAMORE (2018),41 49 09.11392(N),070 33 24.38050(W),41.8191983111,-70.5567723611,,NAD 83,(1996),,ADJUSTED,34.55,NAVD 88,,VERTCON3,-28.314,GEOID18,,,,,,,,,2,,,,,,MA M,841421.106,278365.304,+0 38 00.9,0.99998560,19,4630873.704,370705.702,-1 02 17.4,0.99980571,D,1980,1980,MONUMENTED,MAGS,,DE = TRAVERSE STATION DISK,9 = POST (STONE OR PRECAST CONCRETE),10307
,20260102,http://www.ngs.noaa.gov/cgi-bin/ds_mark.prl?PidBox=LW5804,LW5804,10308,,,,MA,PLYMOUTH,SAGAMORE (2018),41 49 20.21865(N),070 33 28.58967(W),41.8222829583,-70.5579415750,,NAD 83,(1996),,ADJUSTED,41.19,NAVD 88,,VERTCON3,-28.313,GEOID18,,,,,,,,,2,,,,,,MA M,841762.618,278264.384,+0 37 58.1,0.99998421,19,4631217.952,370614.805,-1 02 20.5,0.99980600,D,1980,1980,MONUMENTED,MAGS,,DE = TRAVERSE STATION DISK,9 = POST (STONE OR PRECAST CONCRETE),10308
,20260102,http://www.ngs.noaa.gov/cgi-bin/ds_mark.prl?PidBox=LW5803,LW5803,10309,,,,MA,PLYMOUTH,SAGAMORE (2018),41 49 38.83246(N),070 33 38.20439(W),41.8274534611,-70.5606123306,,NAD 83,(1996),,ADJUSTED,24.54,NAVD 88,,VERTCON3,-28.311,GEOID18,,,,,,,,,2,,,,,,MA M,842334.415,278036.187,+0 37 51.6,0.99998623,19,4631796.060,370403.425,-1 02 27.2,0.99980667,D,1980,1980,MONUMENTED,MAGS,,DE = TRAVERSE STATION DISK,9 = POST (STONE OR PRECAST CONCRETE),10309
,20260102,http://www.ngs.noaa.gov/cgi-bin/ds_mark.prl?PidBox=LW5801,LW5801,10310,,,,MA,PLYMOUTH,SAGAMORE (2018),41 50 02.48551(N),070 33 55.38560(W),41.8340237528,-70.5653848889,,NAD 83,(1996),,ADJUSTED,34.97,NAVD 88,,VERTCON3,-28.311,GEOID18,,,,,,,,,2,,,,,,MA M,843059.768,277631.744,+0 37 40.1,0.99998386,19,4632532.773,370020.387,-1 02 39.2,0.99980790,D,1980,1980,MONUMENTED,MAGS,,DE = TRAVERSE STATION DISK,9 = POST (STONE OR PRECAST CONCRETE),10310
,20260102,http://www.ngs.noaa.gov/cgi-bin/ds_mark.prl?PidBox=LW5800,LW5800,10311,,,,MA,PLYMOUTH,SAGAMORE (2018),41 50 32.82840(N),070 34 18.50868(W),41.8424523333,-70.5718079667,,NAD 83,(1996),,ADJUSTED,51.46,NAVD 88,,VERTCON3,-28.311,GEOID18,,,,,,,,,2,,,,,,MA M,843990.036,277088.059,+0 37 24.6,0.99998035,19,4633478.343,369504.169,-1 02 55.2,0.99980955,D,1980,1980,MONUMENTED,MAGS,,DE = TRAVERSE STATION DISK,9 = POST (STONE OR PRECAST CONCRETE),10311
,20260102,http://www.ngs.noaa.gov/cgi-bin/ds_mark.prl?PidBox=LW5799,LW5799,10312,,,,MA,PLYMOUTH,SAGAMORE (2018),41 51 03.61571(N),070 34 40.37034(W),41.8510043639,-70.5778806500,,NAD 83,(1996),,ADJUSTED,37.98,NAVD 88,,VERTCON3,-28.309,GEOID18,,,,,,,,,2,,,,,,MA M,844934.371,276573.463,+0 37 09.9,0.99998154,19,4634437.127,369017.434,-1 03 10.5,0.99981112,D,1980,1980,MONUMENTED,MAGS,,DE = TRAVERSE STATION DISK,9 = POST (STONE OR PRECAST CONCRETE),10312
,20260102,http://www.ngs.noaa.gov/cgi-bin/ds_mark.prl?PidBox=LW5794,LW5794,10313,,,,MA,PLYMOUTH,SAGAMORE (2018),41 51 33.30601(N),070 35 06.76541(W),41.8592516694,-70.5852126139,,NAD 83,(1996),,ADJUSTED,43.3,NAVD 88,,VERTCON3,-28.307,GEOID18,,,,,,,,,2,,,,,,MA M,845843.778,275954.811,+0 36 52.2,0.99997985,19,4635364.044,368425.687,-1 03 28.7,0.99981303,D,1980,20050412,GOOD,GEOCAC,Y,DE = TRAVERSE STATION DISK,0 = UNSPECIFIED SETTING,10313
,20260102,http://www.ngs.noaa.gov/cgi-bin/ds_mark.prl?PidBox=LW5791,LW5791,10314,,,,MA,PLYMOUTH,SAGAMORE (2018),41 52 23.95544(N),070 36 06.07864(W),41.8733209556,-70.6016885111,,NAD 83,(1996),,ADJUSTED,53.29,NAVD 88,,VERTCON3,-28.308,GEOID18,,,,,,,,,2,,,,,,MA M,847391.808,274570.411,+0 36 12.3,0.99997686,19,4636951.558,367087.282,-1 04 09.3,0.99981738,D,1980,20100512,MARK NOT FOUND,GEOCAC,,DE = TRAVERSE STATION DISK,0 = UNSPECIFIED SETTING,10314
,20260102,http://www.ngs.noaa.gov/cgi-bin/ds_mark.prl?PidBox=LW5790,LW5790,10315,,,,MA,PLYMOUTH,MANOMET (2018),41 52 40.37570(N),070 36 23.77865(W),41.8778821389,-70.6066051806,,NAD 83,(1996),,ADJUSTED,45.95,NAVD 88,,VERTCON3,-28.306,GEOID18,,,,,,,,,2,,,,,,MA M,847894.099,274156.978,+0 36 00.4,0.99997756,19,4637465.619,366688.753,-1 04 21.5,0.99981869,D,1980,1980,MONUMENTED,MAGS,,DE = TRAVERSE STATION DISK,9 = POST (STONE OR PRECAST CONCRETE),10315
,20260102,http://www.ngs.noaa.gov/cgi-bin/ds_mark.prl?PidBox=LW5789,LW5789,10316,,,,MA,PLYMOUTH,MANOMET (2018),41 52 56.19147(N),070 36 35.40250(W),41.8822754083,-70.6098340278,,NAD 83,(1996),,ADJUSTED,50.75,NAVD 88,,VERTCON3,-28.302,GEOID18,,,,,,,,,2,,,,,,MA M,848379.225,273883.883,+0 35 52.6,0.99997638,19,4637958.431,366429.977,-1 04 29.6,0.99981954,D,1980,1980,MONUMENTED,MAGS,,DE = TRAVERSE STATION DISK,9 = POST (STONE OR PRECAST CONCRETE),10316
,20260102,http://www.ngs.noaa.gov/cgi-bin/ds_mark.prl?PidBox=LW5788,LW5788,10317,,,,MA,PLYMOUTH,MANOMET (2018),41 53 39.93939(N),070 36 51.02435(W),41.8944276083,-70.6141734306,,NAD 83,(1996),,ADJUSTED,54.25,NAVD 88,,VERTCON3,-28.283,GEOID18,,,,,,,,,2,,,,,,MA M,849725.133,273509.707,+0 35 42.1,0.99997468,19,4639314.474,366095.308,-1 04 40.9,0.99982064,D,1980,1980,MONUMENTED,MAGS,,DE = TRAVERSE STATION DISK,9 = POST (STONE OR PRECAST CONCRETE),10317
,20260102,http://www.ngs.noaa.gov/cgi-bin/ds_mark.prl?PidBox=LW5785,LW5785,10318,,,,MA,PLYMOUTH,MANOMET (2018),41 53 51.32780(N),070 36 54.08576(W),41.8975910556,-70.6150238222,,NAD 83,(1996),,ADJUSTED,51.33,NAVD 88,,VERTCON3,-28.278,GEOID18,,,,,,,,,2,,,,,,MA M,850075.742,273435.495,+0 35 40.1,0.99997484,19,4639667.044,366031.374,-1 04 43.2,0.99982085,D,1980,1980,MONUMENTED,MAGS,,DE = TRAVERSE STATION DISK,9 = POST (STONE OR PRECAST CONCRETE),10318
,20260102,http://www.ngs.noaa.gov/cgi-bin/ds_mark.prl?PidBox=LW5784,LW5784,10319,,,,MA,PLYMOUTH,MANOMET (2018),41 54 22.40932(N),070 37 05.25773(W),41.9062248111,-70.6181271472,,NAD 83,(1996),,ADJUSTED,37.25,NAVD 88,,VERTCON3,-28.267,GEOID18,,,,,,,,,2,,,,,,MA M,851031.966,273168.076,+0 35 32.6,0.99997627,19,4640630.518,365792.027,-1 04 51.3,0.99982164,D,1980,1980,MONUMENTED,MAGS,,DE = TRAVERSE STATION DISK,9 = POST (STONE OR PRECAST CONCRETE),10319
,20260102,http://www.ngs.noaa.gov/cgi-bin/ds_mark.prl?PidBox=LW5783,LW5783,10320,,,,MA,PLYMOUTH,MANOMET (2018),41 54 45.22942(N),070 37 12.23857(W),41.9125637278,-70.6200662694,,NAD 83,(1996),,ADJUSTED,27.35,NAVD 88,,VERTCON3,-28.260,GEOID18,,,,,,,,,2,,,,,,MA M,851734.324,272999.931,+0 35 27.9,0.99997726,19,4641337.376,365644.487,-1 04 56.5,0.99982213,D,1980,1980,MONUMENTED,MAGS,,DE = TRAVERSE STATION DISK,9 = POST (STONE OR PRECAST CONCRETE),10320
,20260102,http://www.ngs.noaa.gov/cgi-bin/ds_mark.prl?PidBox=LW5780,LW5780,10321,,,,MA,PLYMOUTH,MANOMET (2018),41 55 04.13268(N),070 37 21.08439(W),41.9178146333,-70.6225234417,,NAD 83,(1996),,ADJUSTED,20.43,NAVD 88,,VERTCON3,-28.256,GEOID18,,,,,,,,,2,,,,,,MA M,852315.406,272790.090,+0 35 21.9,0.99997790,19,4641924.248,365451.735,-1 05 02.8,0.99982276,D,1980,1980,MONUMENTED,MAGS,,DE = TRAVERSE STATION DISK,0 = UNSPECIFIED SETTING,10321
,20260102,http://www.ngs.noaa.gov/cgi-bin/ds_mark.prl?PidBox=LW5777,LW5777,10322,,,,MA,PLYMOUTH,PLYMOUTH (2018),41 55 40.39638(N),070 37 57.60992(W),41.9278878833,-70.6326694222,,NAD 83,(1996),,ADJUSTED,27.51,NAVD 88,,VERTCON3,-28.256,GEOID18,,,,,,,,,2,,,,,,MA M,853425.568,271937.094,+0 34 57.4,0.99997594,19,4643058.676,364631.651,-1 05 28.0,0.99982549,D,1980,1980,MONUMENTED,MAGS,,DE = TRAVERSE STATION DISK,9 = POST (STONE OR PRECAST CONCRETE),10322
,20260102,http://www.ngs.noaa.gov/cgi-bin/ds_mark.prl?PidBox=LW5775,LW5775,10323,,,,MA,PLYMOUTH,PLYMOUTH (2018),41 55 50.01992(N),070 38 13.14865(W),41.9305610889,-70.6369857361,,NAD 83,(1996),,ADJUSTED,31.26,NAVD 88,,VERTCON3,-28.259,GEOID18,,,,,,,,,2,,,,,,MA M,853718.832,271576.104,+0 34 47.0,0.99997513,19,4643362.314,364279.433,-1 05 38.6,0.99982666,D,1980,1980,MONUMENTED,MAGS,,DE = TRAVERSE STATION DISK,9 = POST (STONE OR PRECAST CONCRETE),10323
,20260102,http://www.ngs.noaa.gov/cgi-bin/ds_mark.prl?PidBox=LW5774,LW5774,10324,,,,MA,PLYMOUTH,PLYMOUTH (2018),41 55 55.61323(N),070 38 28.59504(W),41.9321147861,-70.6412764000,,NAD 83,(1996),,ADJUSTED,35.68,NAVD 88,,VERTCON3,-28.264,GEOID18,,,,,,,,,2,,,,,,MA M,853887.800,271218.522,+0 34 36.6,0.99997431,19,4643541.627,363926.992,-1 05 49.0,0.99982784,D,1980,1980,MONUMENTED,MAGS,,DE = TRAVERSE STATION DISK,0 = UNSPECIFIED SETTING,10324
,20260102,http://www.ngs.noaa.gov/cgi-bin/ds_mark.prl?PidBox=LW5773,LW5773,10325,,,,MA,PLYMOUTH,PLYMOUTH (2018),41 56 00.12926(N),070 38 46.77976(W),41.9333692389,-70.6463277111,,NAD 83,(1996),,ADJUSTED,33.31,NAVD 88,,VERTCON3,-28.270,GEOID18,,,,,,,,,2,,,,,,MA M,854022.918,270798.210,+0 34 24.4,0.99997458,19,4643688.944,363510.867,-1 06 01.3,0.99982924,D,1980,1980,MONUMENTED,MAGS,,DE = TRAVERSE STATION DISK,9 = POST (STONE OR PRECAST CONCRETE),10325
,20260102,http://www.ngs.noaa.gov/cgi-bin/ds_mark.prl?PidBox=LW5772,LW5772,10326,,,,MA,PLYMOUTH,PLYMOUTH (2018),41 56 05.21341(N),070 39 12.42305(W),41.9347815028,-70.6534508472,,NAD 83,(1996),,ADJUSTED,41.32,NAVD 88,,VERTCON3,-28.280,GEOID18,,,,,,,,,2,,,,,,MA M,854173.882,270205.924,+0 34 07.1,0.99997321,19,4643857.119,362923.329,-1 06 18.5,0.99983121,D,1980,1980,MONUMENTED,MAGS,,DE = TRAVERSE STATION DISK,9 = POST (STONE OR PRECAST CONCRETE),10326
,20260102,http://www.ngs.noaa.gov/cgi-bin/ds_mark.prl?PidBox=LW5770,LW5770,10327,,,,MA,PLYMOUTH,PLYMOUTH (2018),41 56 09.87492(N),070 39 31.56437(W),41.9360763667,-70.6587678806,,NAD 83,(1996),,ADJUSTED,38.62,NAVD 88,,VERTCON3,-28.287,GEOID18,,,,,,,,,2,,,,,,MA M,854313.332,269763.569,+0 33 54.3,0.99997354,19,4644009.408,362485.298,-1 06 31.4,0.99983269,D,1980,1980,MONUMENTED,MAGS,,DE = TRAVERSE STATION DISK,9 = POST (STONE OR PRECAST CONCRETE),10327
,20260102,http://www.ngs.noaa.gov/cgi-bin/ds_mark.prl?PidBox=LW5768,LW5768,10328,,,,MA,PLYMOUTH,PLYMOUTH (2018),41 56 19.13403(N),070 40 00.09461(W),41.9386483417,-70.6666929472,,NAD 83,(1996),,ADJUSTED,40.07,NAVD 88,,VERTCON3,-28.296,GEOID18,,,,,,,,,2,,,,,,MA M,854592.535,269103.571,+0 33 35.1,0.99997310,19,4644307.728,361833.830,-1 06 50.7,0.99983490,D,1980,1980,MONUMENTED,MAGS,,DE = TRAVERSE STATION DISK,9 = POST (STONE OR PRECAST CONCRETE),10328
,20260102,http://www.ngs.noaa.gov/cgi-bin/ds_mark.prl?PidBox=LW5766,LW5766,10329,,,,MA,PLYMOUTH,PLYMOUTH (2018),41 56 32.19668(N),070 40 20.84912(W),41.9422768556,-70.6724580889,,NAD 83,(1996),,ADJUSTED,38.09,NAVD 88,,VERTCON3,-28.300,GEOID18,,,,,,,,,2,,,,,,MA M,854990.878,268621.591,+0 33 21.2,0.99997312,19,4644719.922,361363.756,-1 07 04.9,0.99983651,D,1980,1980,MONUMENTED,MAGS,,DE = TRAVERSE STATION DISK,9 = POST (STONE OR PRECAST CONCRETE),10329
,20260102,http://www.ngs.noaa.gov/cgi-bin/ds_mark.prl?PidBox=LW5764,LW5764,10330,,,,MA,PLYMOUTH,PLYMOUTH (2018),41 56 43.94073(N),070 40 35.65909(W),41.9455390917,-70.6765719694,,NAD 83,(1996),,ADJUSTED,27.62,NAVD 88,,VERTCON3,-28.301,GEOID18,,,,,,,,,2,,,,,,MA M,855349.894,268276.972,+0 33 11.2,0.99997452,19,4645088.801,361029.817,-1 07 15.0,0.99983765,D,1980,1980,MONUMENTED,MAGS,,DE = TRAVERSE STATION DISK,9 = POST (STONE OR PRECAST CONCRETE),10330
,20260102,http://www.ngs.noaa.gov/cgi-bin/ds_mark.prl?PidBox=LW5763,LW5763,10331,,,,MA,PLYMOUTH,PLYMOUTH (2018),41 57 06.22378(N),070 40 47.19702(W),41.9517288278,-70.6797769500,,NAD 83,(1996),,ADJUSTED,45.01,NAVD 88,,VERTCON3,-28.296,GEOID18,,,,,,,,,2,,,,,,MA M,856034.792,268004.619,+0 33 03.5,0.99997132,19,4645781.269,360777.623,-1 07 23.2,0.99983851,D,1980,1980,MONUMENTED,MAGS,,DE = TRAVERSE STATION DISK,9 = POST (STONE OR PRECAST CONCRETE),10331
,20260102,http://www.ngs.noaa.gov/cgi-bin/ds_mark.prl?PidBox=LW5761,LW5761,10332,,,,MA,PLYMOUTH,PLYMOUTH (2018),41 57 23.35806(N),070 40 59.85520(W),41.9564883500,-70.6832931111,,NAD 83,(1996),,ADJUSTED,42.51,NAVD 88,,VERTCON3,-28.293,GEOID18,,,,,,,,,2,,,,,,MA M,856560.608,267708.041,+0 32 55.0,0.99997135,19,4646315.453,360496.571,-1 07 32.1,0.99983947,D,1980,1980,MONUMENTED,MAGS,,DE = TRAVERSE STATION DISK,9 = POST (STONE OR PRECAST CONCRETE),10332
,20260102,http://www.ngs.noaa.gov/cgi-bin/ds_mark.prl?PidBox=LW5760,LW5760,10333,,,,MA,PLYMOUTH,PLYMOUTH (2018),41 57 44.97862(N),070 41 32.82358(W),41.9624940611,-70.6924509944,,NAD 83,(1996),,ADJUSTED,50.05,NAVD 88,,VERTCON3,-28.297,GEOID18,,,,,,,,,2,,,,,,MA M,857220.401,266942.526,+0 32 32.8,0.99996973,19,4646997.240,359750.759,-1 07 54.6,0.99984204,D,1980,1980,MONUMENTED,MAGS,,DE = TRAVERSE STATION DISK,0 = UNSPECIFIED SETTING,10333
,20260102,http://www.ngs.noaa.gov/cgi-bin/ds_mark.prl?PidBox=LW5759,LW5759,10334,,,,MA,PLYMOUTH,PLYMOUTH (2018),41 58 12.36764(N),070 42 03.44209(W),41.9701021222,-70.7009561361,,NAD 83,(1996),,ADJUSTED,40.95,NAVD 88,,VERTCON3,-28.296,GEOID18,,,,,,,,,2,,,,,,MA M,858058.748,266229.589,+0 32 12.3,0.99997062,19,4647855.949,359062.711,-1 08 15.7,0.99984442,D,1980,20100226,MARK NOT FOUND,GEOCAC,,DE = TRAVERSE STATION DISK,0 = UNSPECIFIED SETTING,10334
,20260102,http://www.ngs.noaa.gov/cgi-bin/ds_mark.prl?PidBox=LW5757,LW5757,10335,,,,MA,PLYMOUTH,PLYMOUTH (2018),41 58 32.08343(N),070 42 37.10839(W),41.9755787306,-70.7103078861,,NAD 83,(1996),,ADJUSTED,23.83,NAVD 88,,VERTCON3,-28.299,GEOID18,,,,,,,,,2,,,,,,MA M,858659.789,265448.851,+0 31 49.7,0.99997293,19,4648479.468,358299.965,-1 08 38.6,0.99984707,D,1980,1980,MONUMENTED,MAGS,,DE = TRAVERSE STATION DISK,9 = POST (STONE OR PRECAST CONCRETE),10335
,20260102,http://www.ngs.noaa.gov/cgi-bin/ds_mark.prl?PidBox=LW5756,LW5756,10336,,,,MA,PLYMOUTH,PLYMOUTH (2018),41 58 48.99768(N),070 42 54.25314(W),41.9802771333,-70.7150703167,,NAD 83,(1996),,ADJUSTED,28.95,NAVD 88,,VERTCON3,-28.296,GEOID18,,,,,,,,,2,,,,,,MA M,859177.974,265049.354,+0 31 38.1,0.99997181,19,4649009.040,357915.830,-1 08 50.5,0.99984841,D,1980,1980,MONUMENTED,MAGS,,DE = TRAVERSE STATION DISK,9 = POST (STONE OR PRECAST CONCRETE),10336
,20260102,http://www.ngs.noaa.gov/cgi-bin/ds_mark.prl?PidBox=LW5755,LW5755,10337,,,,MA,PLYMOUTH,PLYMOUTH (2018),41 59 18.12200(N),070 43 05.29595(W),41.9883672222,-70.7181377639,,NAD 83,(1996),,ADJUSTED,22.35,NAVD 88,,VERTCON3,-28.284,GEOID18,,,,,,,,,2,,,,,,MA M,860074.166,264786.917,+0 31 30.7,0.99997231,19,4649912.408,357679.725,-1 08 58.5,0.99984924,D,1980,1980,MONUMENTED,MAGS,,DE = TRAVERSE STATION DISK,9 = POST (STONE OR PRECAST CONCRETE),10337
,20260102,http://www.ngs.noaa.gov/cgi-bin/ds_mark.prl?PidBox=LW5754,LW5754,10338,,,,MA,PLYMOUTH,PLYMOUTH (2018),41 59 32.82590(N),070 43 06.42330(W),41.9924516389,-70.7184509167,,NAD 83,(1996),,ADJUSTED,13.2,NAVD 88,,VERTCON3,-28.276,GEOID18,,,,,,,,,2,,,,,,MA M,860527.565,264756.812,+0 31 30.0,0.99997348,19,4650366.438,357662.887,-1 08 59.6,0.99984930,D,1980,1980,MONUMENTED,MAGS,,DE = TRAVERSE STATION DISK,9 = POST (STONE OR PRECAST CONCRETE),10338
,20260102,http://www.ngs.noaa.gov/cgi-bin/ds_mark.prl?PidBox=LW5749,LW5749,10339,,,,MA,PLYMOUTH,PLYMOUTH (2018),41 59 57.75783(N),070 43 18.82600(W),41.9993771750,-70.7218961111,,NAD 83,(1996),,ADJUSTED,7.8,NAVD 88,,VERTCON3,-28.265,GEOID18,,,,,,,,,2,,,,,,MA M,861294.142,264464.345,+0 31 21.6,0.99997391,19,4651141.142,357392.984,-1 09 08.5,0.99985024,D,1980,1980,MONUMENTED,MAGS,,DE = TRAVERSE STATION DISK,9 = POST (STONE OR PRECAST CONCRETE),10339
,20260102,http://www.ngs.noaa.gov/cgi-bin/ds_mark.prl?PidBox=LW5779,LW5779,10347,,,,MA,PLYMOUTH,PLYMOUTH (2018),41 55 29.22857(N),070 37 44.75651(W),41.9247857139,-70.6290990306,,NAD 83,(1996),,ADJUSTED,24.58,NAVD 88,,VERTCON3,-28.255,GEOID18,,,,,,,,,2,,,,,,MA M,853084.047,272236.733,+0 35 06.0,0.99997666,19,4642708.603,364921.144,-1 05 19.2,0.99982452,D,1980,1980,MONUMENTED,MAGS,,DE = TRAVERSE STATION DISK,9 = POST (STONE OR PRECAST CONCRETE),10347
,20260102,http://www.ngs.noaa.gov/cgi-bin/ds_mark.prl?PidBox=LW5802,LW5802,10348,,,,MA,PLYMOUTH,SAGAMORE (2018),41 49 49.23414(N),070 33 46.36445(W),41.8303428167,-70.5628790139,,NAD 83,(1996),,ADJUSTED,24.32,NAVD 88,,VERTCON3,-28.311,GEOID18,,,,,,,,,2,,,,,,MA M,842653.241,277844.372,+0 37 46.2,0.99998594,19,4632120.288,370221.027,-1 02 32.9,0.99980726,D,1980,20051226,GOOD,GEOCAC,Y,DE = TRAVERSE STATION DISK,0 = UNSPECIFIED SETTING,10348
,20260102,http://www.ngs.noaa.gov/cgi-bin/ds_mark.prl?PidBox=LW5798,LW5798,10349,,,,MA,PLYMOUTH,SAGAMORE (2018),41 51 33.64780(N),070 35 06.95499(W),41.8593466111,-70.5852652750,,NAD 83,(1996),,ADJUSTED,45.,NAVD 88,,SCALED,-28.307,GEOID18,,,,,,,,,2,,,,,,MA M,845854.276,275950.325,+0 36 52.0,0.99997964,19,4635374.666,368421.510,-1 03 28.8,0.99981304,D,1980,20050412,GOOD,GEOCAC,Y,DE = TRAVERSE STATION DISK,0 = UNSPECIFIED SETTING,10349
,20260102,http://www.ngs.noaa.gov/cgi-bin/ds_mark.prl?PidBox=LW5767,LW5767,10350,,,,MA,PLYMOUTH,PLYMOUTH (2018),41 56 31.90765(N),070 40 18.11790(W),41.9421965694,-70.6716994167,,NAD 83,(1996),,ADJUSTED,37.17,NAVD 88,,VERTCON3,-28.299,GEOID18,,,,,,,,,2,,,,,,MA M,854982.571,268684.587,+0 33 23.0,0.99997328,19,4644709.781,361426.473,-1 07 03.0,0.99983629,D,1980,1980,MONUMENTED,MAGS,,DE = TRAVERSE STATION DISK,0 = UNSPECIFIED SETTING,10350
,20260102,http://www.ngs.noaa.gov/cgi-bin/ds_mark.prl?PidBox=LW5765,LW5765,10351,,,,MA,PLYMOUTH,PLYMOUTH (2018),41 56 39.85189(N),070 40 31.38565(W),41.9444033028,-70.6753849028,,NAD 83,(1996),,ADJUSTED,31.49,NAVD 88,,VERTCON3,-28.301,GEOID18,,,,,,,,,2,,,,,,MA M,855224.699,268376.618,+0 33 14.1,0.99997400,19,4644960.767,361125.750,-1 07 12.1,0.99983732,D,1980,1980,MONUMENTED,MAGS,,DE = TRAVERSE STATION DISK,0 = UNSPECIFIED SETTING,10351
,20260102,http://www.ngs.noaa.gov/cgi-bin/ds_mark.prl?PidBox=MY6322,MY6322,10352,,,,MA,PLYMOUTH,DUXBURY (2018),42 00 26.42694(N),070 43 32.94197(W),42.0073408167,-70.7258172139,,NAD 83,(1996),,ADJUSTED,11.9,NAVD 88,,VERTCON3,-28.250,GEOID18,,,,,,,,,2,,,,,,MA M,862175.672,264131.470,+0 31 12.1,0.99997277,19,4652031.920,357086.057,-1 09 18.6,0.99985132,D,1980,1980,MONUMENTED,MAGS,,I = METAL ROD,2 = IMBEDDED OR DRIVEN IN THE GROUND,
,20260102,http://www.ngs.noaa.gov/cgi-bin/ds_mark.prl?PidBox=LW5751,LW5751,10353,,,,MA,PLYMOUTH,MANOMET (2018),41 55 34.75498(N),070 32 23.07925(W),41.9263208278,-70.5397442361,,NAD 83,(1996),,ADJUSTED,14.1,NAVD 88,,VERTCON3,-28.127,GEOID18,,,,,,,,,2,,,,,,MA M,853334.097,279646.033,+0 38 42.1,0.99997815,19,4642742.117,372333.374,-1 01 44.2,0.99980056,D,1980,20110919,GOOD,GEOCAC,Y,Z = SEE DESCRIPTION,9 = POST (STONE OR PRECAST CONCRETE),
,20260102,http://www.ngs.noaa.gov/cgi-bin/ds_mark.prl?PidBox=LW5752,LW5752,10354,,,,MA,PLYMOUTH,MANOMET (2018),41 55 14.24233(N),070 32 20.72834(W),41.9206228694,-70.5390912056,,NAD 83,(1996),,ADJUSTED,22.4,NAVD 88,,VERTCON3,-28.134,GEOID18,,,,,,,,,2,,,,,,MA M,852701.879,279707.325,+0 38 43.7,0.99997733,19,4642108.490,372376.163,-1 01 42.3,0.99980042,C,1980,20110919,GOOD,GEOCAC,Y,DE = TRAVERSE STATION DISK,80 = SET IN A BOULDER,10354
,20260102,http://www.ngs.noaa.gov/cgi-bin/ds_mark.prl?PidBox=LW5750,LW5750,10355,,,,MA,PLYMOUTH,MANOMET (2018),41 54 57.36186(N),070 35 24.65221(W),41.9159338500,-70.5901811694,,NAD 83,(1996),,ADJUSTED,114.4,NAVD 88,,VERTCON3,-28.204,GEOID18,,,,,,,,,2,,,,,,MA M,852134.630,275475.136,+0 36 40.1,0.99996331,19,4641665.173,368129.931,-1 03 44.8,0.99981398,C,1980,20110919,POOR,GEOCAC,Y,DE = TRAVERSE STATION DISK,80 = SET IN A BOULDER,10355
,20260102,http://www.ngs.noaa.gov/cgi-bin/ds_mark.prl?PidBox=MY6324,MY6324,10356,,,,MA,PLYMOUTH,DUXBURY (2018),42 00 20.30778(N),070 43 15.70379(W),42.0056410500,-70.7210288306,,NAD 83,(1996),,ADJUSTED,16.1,NAVD 88,,VERTCON3,-28.249,GEOID18,,,,,,,,,2,,,,,,MA M,861990.498,264529.841,+0 31 23.7,0.99997221,19,4651835.202,357478.798,-1 09 06.9,0.99984994,D,1980,1980,MONUMENTED,MAGS,,N = NAIL,0 = UNSPECIFIED SETTING,10356
,20260102,http://www.ngs.noaa.gov/cgi-bin/ds_mark.prl?PidBox=LW5787,LW5787,10357,,,,MA,PLYMOUTH,MANOMET (2018),41 53 43.21078(N),070 36 52.03221(W),41.8953363278,-70.6144533917,,NAD 83,(1996),,ADJUSTED,53.3,NAVD 88,,VERTCON3,-28.282,GEOID18,,,,,,,,,2,,,,,,MA M,849825.817,273485.428,+0 35 41.4,0.99997475,19,4639415.807,366073.982,-1 04 41.7,0.99982071,D,1980,1980,MONUMENTED,MAGS,,Z = SEE DESCRIPTION,0 = UNSPECIFIED SETTING,10357
,20260102,http://www.ngs.noaa.gov/cgi-bin/ds_mark.prl?PidBox=LW5753,LW5753,10358,,,,MA,PLYMOUTH,SAGAMORE (2018),41 51 29.51342(N),070 31 32.08573(W),41.8581981722,-70.5255793694,,NAD 83,(1996),,ADJUSTED,2.5,NAVD 88,,VERTCON3,-28.204,GEOID18,,,,,,,,,2,,,,,,MA M,845781.609,280907.288,+0 39 16.4,0.99998635,19,4635157.386,373373.363,-1 01 05.3,0.99979731,C,1980,20081116,GOOD,GEOCAC,Y,DE = TRAVERSE STATION DISK,80 = SET IN A BOULDER,10358
,20260102,http://www.ngs.noaa.gov/cgi-bin/ds_mark.prl?PidBox=MZ1790,MZ1790,10359,,,,MA,HAMPDEN,WEST SPRINGFIELD (2018),42 02 53.43400(N),072 43 36.50454(W),42.0481761111,-72.7268068167,,NAD 83,(1996),,ADJUSTED,82.9,NAVD 88,,VERTCON3,-28.941,GEOID18,,,,,,,,,2,,,,,,MA M,867150.586,98441.568,-0 49 26.7,0.99995961,18,4657625.322,688123.551,+1 31 22.5,1.00003549,A,1980,20050605,GOOD,GEOCAC,N,DH = HORIZONTAL CONTROL DISK,66 = SET IN ROCK OUTCROP,
,20260102,http://www.ngs.noaa.gov/cgi-bin/ds_mark.prl?PidBox=MZ0476,MZ0476,1036.5=LIBRARY,,,,MA,BERKSHIRE,PITTSFIELD WEST (2018),42 26 51.96   (N),073 15 10.89   (W),42.4477666667,-73.2530250000,,NAD 83,(1986),,HD_HELD1,315.785,NAVD 88,,POSTED,-29.859,GEOID18,315.68,980266.5,,,,,,,,,,,,,MA M,912286.4,55797.1,,,,,,,,B,UNK,20190526,GOOD,USPSQD,,B = BOLT,36 = SET IN A MASSIVE STRUCTURE,
,20260102,http://www.ngs.noaa.gov/cgi-bin/ds_mark.prl?PidBox=MZ1769,MZ1769,10360,,,,MA,HAMPDEN,SPRINGFIELD SOUTH (2018),42 04 32.56776(N),072 36 53.93971(W),42.0757132667,-72.6149832528,,NAD 83,(1996),,ADJUSTED,34.1,NAVD 88,,VERTCON3,-29.001,GEOID18,,,,,,,,,2,,,,,,MA M,870081.825,107738.056,-0 44 56.3,0.99996612,18,4660935.159,697293.003,+1 35 55.5,1.00007898,C,1980,1980,MONUMENTED,MAGS,,DH = HORIZONTAL CONTROL DISK,7 = SET IN TOP OF CONCRETE MONUMENT,
,20260102,http://www.ngs.noaa.gov/cgi-bin/ds_mark.prl?PidBox=MZ1783,MZ1783,10360 AZ MK,,,,MA,HAMPDEN,WEST SPRINGFIELD (2018),42 04 29.24040(N),072 37 38.30274(W),42.0747890000,-72.6273063167,,NAD 83,(1996),,ADJUSTED,38.5,NAVD 88,,VERTCON3,-28.995,GEOID18,,,,,,,,,2,,,,,,MA M,869992.578,106717.057,-0 45 26.1,0.99996546,18,4660804.148,696276.405,+1 35 25.6,1.00007405,D,1980,1980,MONUMENTED,MAGS,,N = NAIL,0 = UNSPECIFIED SETTING,
,20260102,http://www.ngs.noaa.gov/cgi-bin/ds_mark.prl?PidBox=MZ1786,MZ1786,10361,,,,MA,HAMPDEN,WEST SPRINGFIELD (2018),42 02 28.60136(N),072 41 34.82530(W),42.0412781556,-72.6930070278,,NAD 83,(1996),,ADJUSTED,62.9,NAVD 88,,VERTCON3,-28.980,GEOID18,,,,,,,,,2,,,,,,MA M,866344.812,101228.706,-0 48 05.0,0.99996308,18,4656934.303,690941.555,+1 32 43.4,1.00004864,C,1980,1980,MONUMENTED,MAGS,,DH = HORIZONTAL CONTROL DISK,7 = SET IN TOP OF CONCRETE MONUMENT,
,20260102,http://www.ngs.noaa.gov/cgi-bin/ds_mark.prl?PidBox=MZ1787,MZ1787,10361 AZ MK,,,,MA,HAMPDEN,WEST SPRINGFIELD (2018),42 02 29.54482(N),072 42 02.68620(W),42.0415402278,-72.7007461667,,NAD 83,(1996),,ADJUSTED,62.9,NAVD 88,,VERTCON3,-28.973,GEOID18,,,,,,,,,2,,,,,,MA M,866382.908,100588.420,-0 48 23.7,0.99996307,18,4656946.151,690300.196,+1 32 24.7,1.00004563,C,1980,1980,MONUMENTED,MAGS,,DH = HORIZONTAL CONTROL DISK,7 = SET IN TOP OF CONCRETE MONUMENT,
,20260102,http://www.ngs.noaa.gov/cgi-bin/ds_mark.prl?PidBox=MZ1823,MZ1823,10362,,,,MA,HAMPDEN,SOUTHWICK (2018),42 03 39.99214(N),072 47 40.34740(W),42.0611089278,-72.7945409444,,NAD 83,(1996),,ADJUSTED,130.7,NAVD 88,,VERTCON3,-28.835,GEOID18,,,,,,,,,2,,,,,,MA M,868669.753,92856.571,-0 52 10.5,0.99995153,18,4658914.547,682480.712,+1 28 40.4,1.00000975,C,1980,20050721,GOOD,GEOCAC,N,DH = HORIZONTAL CONTROL DISK,7 = SET IN TOP OF CONCRETE MONUMENT,
,20260102,http://www.ngs.noaa.gov/cgi-bin/ds_mark.prl?PidBox=MZ1826,MZ1826,10362 AZ MK,,,,MA,HAMPDEN,SOUTHWICK (2018),42 03 37.42913(N),072 48 00.97274(W),42.0603969806,-72.8002702056,,NAD 83,(1996),,ADJUSTED,133.1,NAVD 88,,VERTCON3,-28.827,GEOID18,,,,,,,,,2,,,,,,MA M,868597.899,92381.216,-0 52 24.3,0.99995118,18,4658823.279,682008.680,+1 28 26.5,1.00000764,C,1980,20050721,MARK NOT FOUND,GEOCAC,,DH = HORIZONTAL CONTROL DISK,7 = SET IN TOP OF CONCRETE MONUMENT,
,20260102,http://www.ngs.noaa.gov/cgi-bin/ds_mark.prl?PidBox=MZ1856,MZ1856,10363,,,,MA,HAMPDEN,WEST GRANVILLE (2018),42 04 42.66081(N),072 56 40.51429(W),42.0785168917,-72.9445873028,,NAD 83,(1996),,ADJUSTED,363.3,NAVD 88,,VERTCON3,-28.651,GEOID18,,,,,,,,,2,,,,,,MA M,870802.397,80471.768,-0 58 13.3,0.99991433,18,4660538.075,670018.750,+1 22 39.9,0.99995569,C,1980,20060901,GOOD,GEOCAC,N,DD = SURVEY DISK,7 = SET IN TOP OF CONCRETE MONUMENT,10363
,20260102,http://www.ngs.noaa.gov/cgi-bin/ds_mark.prl?PidBox=MZ1855,MZ1855,10363 AZ MK,,,,MA,HAMPDEN,WEST GRANVILLE (2018),42 04 36.69993(N),072 56 37.25571(W),42.0768610917,-72.9436821417,,NAD 83,(1996),,ADJUSTED,358.6,NAVD 88,,VERTCON3,-28.651,GEOID18,,,,,,,,,2,,,,,,MA M,870617.243,80543.543,-0 58 11.1,0.99991512,18,4660356.020,670098.050,+1 22 42.0,0.99995603,C,1980,20060901,GOOD,GEOCAC,N,DR = REFERENCE MARK DISK,80 = SET IN A BOULDER,10363 AZIMUTH
,20260102,http://www.ngs.noaa.gov/cgi-bin/ds_mark.prl?PidBox=MZ1849,MZ1849,10364,,,,MA,HAMPDEN,WEST GRANVILLE (2018),42 05 42.95780(N),072 55 32.15253(W),42.0952660556,-72.9255979250,,NAD 83,(1996),,ADJUSTED,453.3,NAVD 88,,VERTCON3,-28.625,GEOID18,,,,,,,,,2,,,,,,MA M,872636.052,82073.933,-0 57 27.4,0.99989963,18,4662435.824,671544.425,+1 23 27.4,0.99996210,A,1980,20060901,GOOD,GEOCAC,Y,DD = SURVEY DISK,66 = SET IN ROCK OUTCROP,10364
,20260102,http://www.ngs.noaa.gov/cgi-bin/ds_mark.prl?PidBox=MZ1865,MZ1865,10365,,,,MA,HAMPDEN,BLANDFORD (2018),42 08 37.25360(N),072 57 41.70924(W),42.1436815556,-72.9615859000,,NAD 83,(1996),,ADJUSTED,429.5,NAVD 88,,VERTCON3,-28.623,GEOID18,,,,,,,,,2,,,,,,MA M,878063.241,79189.424,-0 58 54.4,0.99990217,18,4667740.163,668439.909,+1 22 05.1,0.99994911,C,1980,20061203,GOOD,GEOCAC,N,DD = SURVEY DISK,7 = SET IN TOP OF CONCRETE MONUMENT,10365
,20260102,http://www.ngs.noaa.gov/cgi-bin/ds_mark.prl?PidBox=MZ1866,MZ1866,10365 AZ MK,,,,MA,HAMPDEN,BLANDFORD (2018),42 08 23.40486(N),072 57 44.61910(W),42.1398346833,-72.9623941944,,NAD 83,(1996),,ADJUSTED,420.2,NAVD 88,,VERTCON3,-28.625,GEOID18,,,,,,,,,2,,,,,,MA M,877637.169,79115.294,-0 58 56.4,0.99990370,18,4667311.417,668383.312,+1 22 02.8,0.99994888,C,1980,20061203,GOOD,GEOCAC,N,DR = REFERENCE MARK DISK,80 = SET IN A BOULDER,10365 AZIMUTH
,20260102,http://www.ngs.noaa.gov/cgi-bin/ds_mark.prl?PidBox=MZ1828,MZ1828,10366,,,,MA,HAMPDEN,SOUTHWICK (2018),42 01 33.20864(N),072 48 19.11401(W),42.0258912889,-72.8053094472,,NAD 83,(1996),,ADJUSTED,124.1,NAVD 88,,VERTCON3,-28.846,GEOID18,,,,,,,,,2,,,,,,MA M,864772.150,91905.520,-0 52 36.5,0.99995424,18,4654981.110,681690.038,+1 28 10.8,1.00000621,C,1980,20050722,GOOD,GEOCAC,Y,DH = HORIZONTAL CONTROL DISK,80 = SET IN A BOULDER,
,20260102,http://www.ngs.noaa.gov/cgi-bin/ds_mark.prl?PidBox=MZ1827,MZ1827,10366 AZ MK,,,,MA,HAMPDEN,SOUTHWICK (2018),42 01 21.81644(N),072 48 07.53989(W),42.0227267889,-72.8020944139,,NAD 83,(1996),,ADJUSTED,114.8,NAVD 88,,VERTCON3,-28.855,GEOID18,,,,,,,,,2,,,,,,MA M,864416.639,92166.375,-0 52 28.8,0.99995587,18,4654636.565,681965.241,+1 28 18.3,1.00000744,C,1980,1980,MONUMENTED,MAGS,,DH = HORIZONTAL CONTROL DISK,7 = SET IN TOP OF CONCRETE MONUMENT,
,20260102,http://www.ngs.noaa.gov/cgi-bin/ds_mark.prl?PidBox=MZ1825,MZ1825,10367,,,,MA,HAMPDEN,SOUTHWICK (2018),42 00 16.24461(N),072 47 43.53509(W),42.0045123917,-72.7954264139,,NAD 83,(1996),,ADJUSTED,73.9,NAVD 88,,VERTCON3,-28.882,GEOID18,,,,,,,,,2,,,,,,MA M,862385.388,92687.822,-0 52 12.6,0.99996332,18,4652628.284,682569.426,+1 28 32.5,1.00001016,C,1980,20050617,GOOD,GEOCAC,N,DH = HORIZONTAL CONTROL DISK,7 = SET IN TOP OF CONCRETE MONUMENT,
,20260102,http://www.ngs.noaa.gov/cgi-bin/ds_mark.prl?PidBox=MZ1824,MZ1824,10367 AZ MK,,,,MA,HAMPDEN,SOUTHWICK (2018),42 00 00.58708(N),072 47 41.20806(W),42.0001630778,-72.7947800167,,NAD 83,(1996),,ADJUSTED,74.4,NAVD 88,,VERTCON3,-28.886,GEOID18,,,,,,,,,2,,,,,,MA M,861901.552,92734.032,-0 52 11.1,0.99996350,18,4652146.725,682635.404,+1 28 33.6,1.00001045,D,1980,20050617,GOOD,GEOCAC,N,H = DRILL HOLE,7 = SET IN TOP OF CONCRETE MONUMENT,
,20260102,http://www.ngs.noaa.gov/cgi-bin/ds_mark.prl?PidBox=MZ1819,MZ1819,10368,,,,MA,HAMPDEN,SOUTHWICK (2018),42 02 14.91094(N),072 46 02.36406(W),42.0374752611,-72.7673233500,,NAD 83,(1996),,ADJUSTED,91.8,NAVD 88,,VERTCON3,-28.902,GEOID18,,,,,,,,,2,,,,,,MA M,866011.206,95070.082,-0 51 04.7,0.99995873,18,4656348.760,684801.352,+1 29 43.7,1.00002024,C,1980,1980,MONUMENTED,MAGS,,DH = HORIZONTAL CONTROL DISK,80 = SET IN A BOULDER,
,20260102,http://www.ngs.noaa.gov/cgi-bin/ds_mark.prl?PidBox=MZ1816,MZ1816,10368 AZ MK,,,,MA,HAMPDEN,SOUTHWICK (2018),42 02 35.65552(N),072 45 36.77709(W),42.0432376444,-72.7602158583,,NAD 83,(1996),,ADJUSTED,81.6,NAVD 88,,VERTCON3,-28.907,GEOID18,,,,,,,,,2,,,,,,MA M,866642.448,95667.970,-0 50 47.5,0.99996005,18,4657003.991,685372.921,+1 30 01.4,1.00002285,C,1980,1980,MONUMENTED,MAGS,,DH = HORIZONTAL CONTROL DISK,7 = SET IN TOP OF CONCRETE MONUMENT,
,20260102,http://www.ngs.noaa.gov/cgi-bin/ds_mark.prl?PidBox=MZ1822,MZ1822,10369,,,,MA,HAMPDEN,SOUTHWICK (2018),42 04 00.16846(N),072 47 29.12992(W),42.0667134611,-72.7914249778,,NAD 83,(1996),,ADJUSTED,136.0,NAVD 88,,VERTCON3,-28.835,GEOID18,,,,,,,,,2,,,,,,MA M,869288.273,93123.870,-0 52 03.0,0.99995047,18,4659543.524,682722.462,+1 28 48.5,1.00001084,C,1980,20050721,GOOD,GEOCAC,N,DH = HORIZONTAL CONTROL DISK,80 = SET IN A BOULDER,
,20260102,http://www.ngs.noaa.gov/cgi-bin/ds_mark.prl?PidBox=MZ1821,MZ1821,10369 AZ MK,,,,MA,HAMPDEN,SOUTHWICK (2018),42 03 57.27264(N),072 47 15.19275(W),42.0659090667,-72.7875535417,,NAD 83,(1996),,ADJUSTED,108.0,NAVD 88,,VERTCON3,-28.843,GEOID18,,,,,,,,,2,,,,,,MA M,869194.095,93442.891,-0 51 53.6,0.99995489,18,4659462.489,683045.087,+1 28 57.8,1.00001229,C,1980,20050721,GOOD,GEOCAC,N,DH = HORIZONTAL CONTROL DISK,80 = SET IN A BOULDER,
,20260102,http://www.ngs.noaa.gov/cgi-bin/ds_mark.prl?PidBox=MZ1820,MZ1820,10370,,,,MA,HAMPDEN,SOUTHWICK (2018),42 04 49.56114(N),072 46 03.90879(W),42.0804336500,-72.7677524417,,NAD 83,(1996),,ADJUSTED,75.0,NAVD 88,,VERTCON3,-28.867,GEOID18,,,,,,,,,2,,,,,,MA M,870782.631,95105.472,-0 51 05.7,0.99995951,18,4661117.880,684641.276,+1 29 47.1,1.00001951,C,1980,20050617,GOOD,GEOCAC,N,DH = HORIZONTAL CONTROL DISK,7 = SET IN TOP OF CONCRETE MONUMENT,
,20260102,http://www.ngs.noaa.gov/cgi-bin/ds_mark.prl?PidBox=MZ1818,MZ1818,10370 AZ MK,,,,MA,HAMPDEN,SOUTHWICK (2018),42 05 09.01891(N),072 45 55.02109(W),42.0858385861,-72.7652836361,,NAD 83,(1996),,ADJUSTED,74.9,NAVD 88,,VERTCON3,-28.867,GEOID18,,,,,,,,,2,,,,,,MA M,871379.864,95318.633,-0 50 59.7,0.99995933,18,4661723.378,684829.799,+1 29 53.6,1.00002037,C,1980,20050721,GOOD,GEOCAC,N,DH = HORIZONTAL CONTROL DISK,7 = SET IN TOP OF CONCRETE MONUMENT,
,20260102,http://www.ngs.noaa.gov/cgi-bin/ds_mark.prl?PidBox=MZ1792,MZ1792,10371,,,,MA,HAMPDEN,WEST SPRINGFIELD (2018),42 03 51.35939(N),072 44 55.39199(W),42.0642664972,-72.7487199972,,NAD 83,(1996),,ADJUSTED,69.9,NAVD 88,,VERTCON3,-28.906,GEOID18,,,,,,,,,2,,,,,,MA M,868963.891,96653.826,-0 50 19.7,0.99996094,18,4659363.996,686262.925,+1 30 31.4,1.00002691,C,1980,1980,GOOD,MAGS,,DH = HORIZONTAL CONTROL DISK,7 = SET IN TOP OF CONCRETE MONUMENT,
,20260102,http://www.ngs.noaa.gov/cgi-bin/ds_mark.prl?PidBox=MZ1817,MZ1817,10371 AZ MK,,,,MA,HAMPDEN,SOUTHWICK (2018),42 03 43.31479(N),072 45 49.96827(W),42.0620318861,-72.7638800750,,NAD 83,(1996),,ADJUSTED,82.7,NAVD 88,,VERTCON3,-28.886,GEOID18,,,,,,,,,2,,,,,,MA M,868734.198,95395.566,-0 50 56.3,0.99995902,18,4659082.942,685015.059,+1 29 54.5,1.00002121,A,1980,20050722,GOOD,GEOCAC,N,DH = HORIZONTAL CONTROL DISK,66 = SET IN ROCK OUTCROP,
,20260102,http://www.ngs.noaa.gov/cgi-bin/ds_mark.prl?PidBox=MZ1835,MZ1835,10372,,,,MA,HAMPDEN,SOUTHWICK (2018),42 03 37.25533(N),072 51 31.22370(W),42.0603487028,-72.8586732500,,NAD 83,(1996),,ADJUSTED,195.6,NAVD 88,,VERTCON3,-28.713,GEOID18,,,,,,,,,2,,,,,,MA M,868667.879,87547.717,-0 54 45.6,0.99994136,18,4658695.216,677176.228,+1 26 05.5,0.99998628,C,1980,20060909,GOOD,GEOCAC,N,DE = TRAVERSE STATION DISK,80 = SET IN A BOULDER,
,20260102,http://www.ngs.noaa.gov/cgi-bin/ds_mark.prl?PidBox=MZ1836,MZ1836,10372 AZ MK,,,,MA,HAMPDEN,SOUTHWICK (2018),42 03 52.35804(N),072 51 39.04288(W),42.0645439000,-72.8608452444,,NAD 83,(1996),,ADJUSTED,200.6,NAVD 88,,VERTCON3,-28.707,GEOID18,,,,,,,,,2,,,,,,MA M,869136.650,87375.398,-0 54 50.8,0.99994040,18,4659156.544,676984.849,+1 26 00.7,0.99998544,C,1980,20060909,GOOD,GEOCAC,N,DH = HORIZONTAL CONTROL DISK,35 = SET IN A MAT FOUNDATION OR CONCRETE SLAB OTHER THAN PAVEMENT,
,20260102,http://www.ngs.noaa.gov/cgi-bin/ds_mark.prl?PidBox=MZ1834,MZ1834,10373,,,,MA,HAMPDEN,SOUTHWICK (2018),42 04 27.01809(N),072 51 26.92003(W),42.0741716917,-72.8574777861,,NAD 83,(1996),,ADJUSTED,199.96,NAVD 88,,VERTCON3,-28.705,GEOID18,,,,,,,,,2,,,,,,MA M,870201.442,87671.086,-0 54 42.7,0.99994011,18,4660232.575,677236.674,+1 26 09.8,0.99998654,C,1980,20060916,POOR,GEOCAC,,DH = HORIZONTAL CONTROL DISK,7 = SET IN TOP OF CONCRETE MONUMENT,
,20260102,http://www.ngs.noaa.gov/cgi-bin/ds_mark.prl?PidBox=MZ1833,MZ1833,10373 AZ MK,,,,MA,HAMPDEN,SOUTHWICK (2018),42 04 21.24666(N),072 51 08.68963(W),42.0725685167,-72.8524137861,,NAD 83,(1996),,ADJUSTED,201.8,NAVD 88,,VERTCON3,-28.715,GEOID18,,,,,,,,,2,,,,,,MA M,870016.742,88087.265,-0 54 30.4,0.99993990,18,4660065.076,677660.079,+1 26 21.9,0.99998839,C,1980,20060916,GOOD,GEOCAC,,DH = HORIZONTAL CONTROL DISK,7 = SET IN TOP OF CONCRETE MONUMENT,
,20260102,http://www.ngs.noaa.gov/cgi-bin/ds_mark.prl?PidBox=MZ1830,MZ1830,10374,,,,MA,HAMPDEN,SOUTHWICK (2018),42 04 55.67459(N),072 48 54.90557(W),42.0821318306,-72.8152515472,,NAD 83,(1996),,ADJUSTED,75.9,NAVD 88,,VERTCON3,-28.787,GEOID18,,,,,,,,,2,,,,,,MA M,871030.734,91178.585,-0 53 00.6,0.99995929,18,4661204.896,680707.348,+1 27 52.6,1.00000182,C,1980,20060909,GOOD,GEOCAC,N,DH = HORIZONTAL CONTROL DISK,7 = SET IN TOP OF CONCRETE MONUMENT,
,20260102,http://www.ngs.noaa.gov/cgi-bin/ds_mark.prl?PidBox=MZ1829,MZ1829,10374 AZ MK,,,,MA,HAMPDEN,SOUTHWICK (2018),42 05 14.11854(N),072 48 44.67606(W),42.0872551500,-72.8124100167,,NAD 83,(1996),,ADJUSTED,69.9,NAVD 88,,VERTCON3,-28.788,GEOID18,,,,,,,,,2,,,,,,MA M,871596.099,91422.424,-0 52 53.7,0.99996005,18,4661779.797,680927.827,+1 27 60.0,1.00000281,C,1980,1980,MONUMENTED,MAGS,,DH = HORIZONTAL CONTROL DISK,7 = SET IN TOP OF CONCRETE MONUMENT,
,20260102,http://www.ngs.noaa.gov/cgi-bin/ds_mark.prl?PidBox=MZ1847,MZ1847,10375,,,,MA,HAMPDEN,WEST GRANVILLE (2018),42 07 23.00499(N),072 55 07.03987(W),42.1230569417,-72.9186221861,,NAD 83,(1996),,ADJUSTED,390.12,NAVD 88,,VERTCON3,-28.615,GEOID18,,,,,,,,,2,,,,,,MA M,875712.783,82702.252,-0 57 10.5,0.99990877,18,4665535.713,672046.115,+1 23 46.9,0.99996422,A,1980,1980,MONUMENTED,MAGS,,DH = HORIZONTAL CONTROL DISK,66 = SET IN ROCK OUTCROP,
,20260102,http://www.ngs.noaa.gov/cgi-bin/ds_mark.prl?PidBox=MZ1848,MZ1848,10375 AZ MK,,,,MA,HAMPDEN,WEST GRANVILLE (2018),42 07 18.59000(N),072 55 14.66179(W),42.1218305556,-72.9207393861,,NAD 83,(1996),,ADJUSTED,372.2,NAVD 88,,VERTCON3,-28.615,GEOID18,,,,,,,,,2,,,,,,MA M,875579.498,82524.941,-0 57 15.7,0.99991161,18,4665395.273,671874.416,+1 23 41.7,0.99996350,A,1980,1980,MONUMENTED,MAGS,,DH = HORIZONTAL CONTROL DISK,66 = SET IN ROCK OUTCROP,
,20260102,http://www.ngs.noaa.gov/cgi-bin/ds_mark.prl?PidBox=MZ1864,MZ1864,10376,,,,MA,HAMPDEN,BLANDFORD (2018),42 07 46.86983(N),072 53 44.23921(W),42.1296860639,-72.8956220028,,NAD 83,(1996),,ADJUSTED,295.5,NAVD 88,,VERTCON3,-28.619,GEOID18,,,,,,,,,2,,,,,,MA M,876417.620,84615.882,-0 56 14.9,0.99992346,18,4666318.406,673929.247,+1 24 43.2,0.99997224,C,1980,1980,MONUMENTED,MAGS,,DH = HORIZONTAL CONTROL DISK,7 = SET IN TOP OF CONCRETE MONUMENT,
,20260102,http://www.ngs.noaa.gov/cgi-bin/ds_mark.prl?PidBox=MZ1845,MZ1845,10376 AZ MK,,,,MA,HAMPDEN,WEST GRANVILLE (2018),42 06 54.48840(N),072 53 46.14281(W),42.1151356667,-72.8961507806,,NAD 83,(1996),,ADJUSTED,288.2,NAVD 88,,VERTCON3,-28.625,GEOID18,,,,,,,,,2,,,,,,MA M,874802.413,84545.716,-0 56 16.2,0.99992495,18,4664701.669,673925.350,+1 24 40.5,0.99997222,A,1980,1980,MONUMENTED,MAGS,,DR = REFERENCE MARK DISK,66 = SET IN ROCK OUTCROP,
,20260102,http://www.ngs.noaa.gov/cgi-bin/ds_mark.prl?PidBox=MZ2012,MZ2012,10377,,,,MA,HAMPDEN,TOLLAND CENTER (2018),42 03 03.80806(N),073 00 10.10324(W),42.0510577944,-73.0028064556,,NAD 83,(1996),,ADJUSTED,406.1,NAVD 88,,VERTCON3,-28.744,GEOID18,,,,,,,,,2,,,,,,MA M,867836.191,75601.347,-1 00 34.1,0.99990876,18,4657374.909,665274.032,+1 20 16.8,0.99993612,,1980,1980,MONUMENTED,MAGS,,DE = TRAVERSE STATION DISK,80 = SET IN A BOULDER,
,20260102,http://www.ngs.noaa.gov/cgi-bin/ds_mark.prl?PidBox=MZ1859,MZ1859,10377 AZ MK,,,,MA,HAMPDEN,WEST GRANVILLE (2018),42 03 04.10441(N),072 59 51.86397(W),42.0511401139,-72.9977399917,,NAD 83,(1996),,ADJUSTED,405.7,NAVD 88,,VERTCON3,-28.734,GEOID18,,,,,,,,,2,,,,,,MA M,867837.956,76020.854,-1 00 21.9,0.99990882,18,4657393.855,665693.101,+1 20 29.1,0.99993783,C,1980,20060826,GOOD,GEOCAC,N,DR = REFERENCE MARK DISK,80 = SET IN A BOULDER,10377 AZIMUTH
,20260102,http://www.ngs.noaa.gov/cgi-bin/ds_mark.prl?PidBox=MZ1850,MZ1850,10378,,,,MA,HAMPDEN,WEST GRANVILLE (2018),42 05 23.82605(N),072 55 39.54836(W),42.0899516806,-72.9276523222,,NAD 83,(1996),,ADJUSTED,444.5,NAVD 88,,VERTCON3,-28.630,GEOID18,,,,,,,,,2,,,,,,MA M,872048.702,81894.129,-0 57 32.4,0.99990119,18,4661841.603,671388.841,+1 23 21.9,0.99996145,A,1980,1980,MONUMENTED,MAGS,,DD = SURVEY DISK,66 = SET IN ROCK OUTCROP,10378
,20260102,http://www.ngs.noaa.gov/cgi-bin/ds_mark.prl?PidBox=MZ1842,MZ1842,10379,,,,MA,HAMPDEN,WEST GRANVILLE (2018),42 02 30.03030(N),072 52 34.79595(W),42.0416750833,-72.8763322083,,NAD 83,(1996),,ADJUSTED,306.6,NAVD 88,,VERTCON3,-28.701,GEOID18,,,,,,,,,2,,,,,,MA M,866617.490,86052.811,-0 55 28.3,0.99992480,18,4656585.289,675766.532,+1 25 21.1,0.99998015,A,1980,1980,MONUMENTED,MAGS,,DH = HORIZONTAL CONTROL DISK,66 = SET IN ROCK OUTCROP,
,20260102,http://www.ngs.noaa.gov/cgi-bin/ds_mark.prl?PidBox=MZ1843,MZ1843,10379 AZ MK,,,,MA,HAMPDEN,WEST GRANVILLE (2018),42 02 18.55025(N),072 52 42.22526(W),42.0384861806,-72.8783959056,,NAD 83,(1996),,ADJUSTED,285.0,NAVD 88,,VERTCON3,-28.701,GEOID18,,,,,,,,,2,,,,,,MA M,866266.102,85876.248,-0 55 33.3,0.99992835,18,4656226.961,675604.505,+1 25 15.8,0.99997945,C,1980,1980,MONUMENTED,MAGS,,DH = HORIZONTAL CONTROL DISK,80 = SET IN A BOULDER,
,20260102,http://www.ngs.noaa.gov/cgi-bin/ds_mark.prl?PidBox=MZ0475,MZ0475,1038.0=CHURCH,,,,MA,BERKSHIRE,PITTSFIELD WEST (2018),42 26 54.4    (N),073 15 07.3    (W),42.4484444444,-73.2520277778,,NAD 83,(1986),,HD_HELD2,316.237,NAVD 88,,POSTED,-29.855,GEOID18,316.13,980266.5,,,,,,,,,,,,,MA M,912360.,55881.,,,,,,,,B,UNK,20190526,GOOD,USPSQD,,B = BOLT,36 = SET IN A MASSIVE STRUCTURE,
,20260102,http://www.ngs.noaa.gov/cgi-bin/ds_mark.prl?PidBox=MZ1854,MZ1854,10380,,,,MA,HAMPDEN,WEST GRANVILLE (2018),42 03 56.08812(N),072 55 56.40463(W),42.0655800333,-72.9323346194,,NAD 83,(1996),,ADJUSTED,390.9,NAVD 88,,VERTCON3,-28.656,GEOID18,,,,,,,,,2,,,,,,MA M,869348.592,81461.357,-0 57 43.7,0.99991051,18,4659126.045,671067.058,+1 23 08.3,0.99996009,C,1980,1980,MONUMENTED,MAGS,,DD = SURVEY DISK,7 = SET IN TOP OF CONCRETE MONUMENT,10380
,20260102,http://www.ngs.noaa.gov/cgi-bin/ds_mark.prl?PidBox=MZ1852,MZ1852,10380 AZ MK,,,,MA,HAMPDEN,WEST GRANVILLE (2018),42 03 44.70322(N),072 55 49.55147(W),42.0624175611,-72.9304309639,,NAD 83,(1996),,ADJUSTED,382.6,NAVD 88,,VERTCON3,-28.659,GEOID18,,,,,,,,,2,,,,,,MA M,868994.739,81612.996,-0 57 39.1,0.99991194,18,4658778.703,671233.065,+1 23 12.6,0.99996079,C,1980,20060901,GOOD,GEOCAC,N,DD = SURVEY DISK,80 = SET IN A BOULDER,10380 AZIMUTH
,20260102,http://www.ngs.noaa.gov/cgi-bin/ds_mark.prl?PidBox=MZ2016,MZ2016,10381,,,,MA,HAMPDEN,TOLLAND CENTER (2018),42 03 49.38386(N),073 01 00.62591(W),42.0637177389,-73.0168405306,,NAD 83,(1996),,ADJUSTED,410.4,NAVD 88,,VERTCON3,-28.759,GEOID18,,,,,,,,,2,,,,,,MA M,869262.682,74464.767,-1 01 08.1,0.99990754,18,4658753.598,664080.013,+1 19 44.1,0.99993128,C,1980,20060826,GOOD,GEOCAC,N,DO = NOT SPECIFIED OR SEE DESCRIPTION,7 = SET IN TOP OF CONCRETE MONUMENT,
,20260102,http://www.ngs.noaa.gov/cgi-bin/ds_mark.prl?PidBox=MZ2015,MZ2015,10381 AZ MK,,,,MA,HAMPDEN,TOLLAND CENTER (2018),42 04 13.87557(N),073 00 59.51831(W),42.0705209917,-73.0165328639,,NAD 83,(1996),,ADJUSTED,420.8,NAVD 88,,VERTCON3,-28.750,GEOID18,,,,,,,,,2,,,,,,MA M,870017.754,74503.661,-1 01 07.3,0.99990563,18,4659509.602,664087.941,+1 19 45.5,0.99993131,C,1980,20060826,GOOD,GEOCAC,N,DO = NOT SPECIFIED OR SEE DESCRIPTION,7 = SET IN TOP OF CONCRETE MONUMENT,
,20260102,http://www.ngs.noaa.gov/cgi-bin/ds_mark.prl?PidBox=MZ2020,MZ2020,10382,,,,MA,HAMPDEN,TOLLAND CENTER (2018),42 03 35.10379(N),073 02 07.65797(W),42.0597510528,-73.0354605472,,NAD 83,(1996),,ADJUSTED,359.5,NAVD 88,,VERTCON3,-28.805,GEOID18,,,,,,,,,2,,,,,,MA M,868849.743,72915.990,-1 01 53.1,0.99991570,18,4658277.578,662549.513,+1 18 58.8,0.99992513,,1980,1980,MONUMENTED,MAGS,,DH = HORIZONTAL CONTROL DISK,7 = SET IN TOP OF CONCRETE MONUMENT,
,20260102,http://www.ngs.noaa.gov/cgi-bin/ds_mark.prl?PidBox=MZ2019,MZ2019,10382 AZ MK,,,,MA,HAMPDEN,TOLLAND CENTER (2018),42 02 55.39342(N),073 02 00.20809(W),42.0487203944,-73.0333911361,,NAD 83,(1996),,ADJUSTED,275.9,NAVD 88,,VERTCON3,-28.817,GEOID18,,,,,,,,,2,,,,,,MA M,867621.676,73065.225,-1 01 48.1,0.99992930,18,4657056.706,662748.918,+1 19 02.8,0.99992593,C,1980,20060826,GOOD,GEOCAC,,DH = HORIZONTAL CONTROL DISK,7 = SET IN TOP OF CONCRETE MONUMENT,10382 AZIMUTH
,20260102,http://www.ngs.noaa.gov/cgi-bin/ds_mark.prl?PidBox=MZ2024,MZ2024,10383,,,,MA,BERKSHIRE,TOLLAND CENTER (2018),42 02 52.15614(N),073 03 33.27730(W),42.0478211500,-73.0592436944,,NAD 83,(1996),,ADJUSTED,240.5,NAVD 88,,VERTCON3,-28.865,GEOID18,,,,,,,,,2,,,,,,MA M,867560.610,70923.550,-1 02 50.6,0.99993490,18,4656907.976,660611.640,+1 18 00.4,0.99991742,,1980,1980,MONUMENTED,MAGS,,DH = HORIZONTAL CONTROL DISK,0 = UNSPECIFIED SETTING,
,20260102,http://www.ngs.noaa.gov/cgi-bin/ds_mark.prl?PidBox=MZ2022,MZ2022,10383 AZ MK,,,,MA,BERKSHIRE,TOLLAND CENTER (2018),42 02 28.92828(N),073 03 21.06001(W),42.0413689667,-73.0558500028,,NAD 83,(1996),,ADJUSTED,242.3,NAVD 88,,VERTCON3,-28.865,GEOID18,,,,,,,,,2,,,,,,MA M,866838.951,71191.382,-1 02 42.4,0.99993493,18,4656197.929,660908.791,+1 18 08.0,0.99991860,,1980,1980,MONUMENTED,MAGS,,DH = HORIZONTAL CONTROL DISK,7 = SET IN TOP OF CONCRETE MONUMENT,
,20260102,http://www.ngs.noaa.gov/cgi-bin/ds_mark.prl?PidBox=MZ2014,MZ2014,10384,,,,MA,HAMPDEN,TOLLAND CENTER (2018),42 04 52.45686(N),073 00 42.05080(W),42.0812380167,-73.0116807778,,NAD 83,(1996),,ADJUSTED,459.3,NAVD 88,,VERTCON3,-28.730,GEOID18,,,,,,,,,2,,,,,,MA M,871200.791,74926.235,-1 00 55.6,0.99989918,18,4660708.917,664461.676,+1 19 58.2,0.99993282,C,1980,20060826,GOOD,GEOCAC,N,DD = SURVEY DISK,7 = SET IN TOP OF CONCRETE MONUMENT,10384
,20260102,http://www.ngs.noaa.gov/cgi-bin/ds_mark.prl?PidBox=MZ2013,MZ2013,10384 AZ MK,,,,MA,HAMPDEN,TOLLAND CENTER (2018),42 04 52.72507(N),073 00 15.92993(W),42.0813125194,-73.0044249806,,NAD 83,(1996),,ADJUSTED,447.0,NAVD 88,,VERTCON3,-28.717,GEOID18,,,,,,,,,2,,,,,,MA M,871198.451,75526.650,-1 00 38.0,0.99990111,18,4660731.180,665061.664,+1 20 15.7,0.99993525,C,1980,20060901,GOOD,GEOCAC,N,DD = SURVEY DISK,7 = SET IN TOP OF CONCRETE MONUMENT,10384 AZIMUTH
,20260102,http://www.ngs.noaa.gov/cgi-bin/ds_mark.prl?PidBox=MZ2846,MZ2846,10385,,,,MA,HAMPDEN,WEST GRANVILLE (2018),42 04 59.17654(N),072 59 51.02067(W),42.0831045944,-72.9975057417,,NAD 83,(1996),,ADJUSTED,434.8,NAVD 88,,VERTCON3,-28.706,GEOID18,,,,,,,,,2,,,,,,MA M,871387.394,76102.571,-1 00 21.3,0.99990295,18,4660943.555,665629.342,+1 20 32.6,0.99993756,C,1980,20060901,GOOD,GEOCAC,N,DD = SURVEY DISK,80 = SET IN A BOULDER,10385
,20260102,http://www.ngs.noaa.gov/cgi-bin/ds_mark.prl?PidBox=MZ2847,MZ2847,10386,,,,MA,HAMPDEN,WEST SPRINGFIELD (2018),42 05 15.82329(N),072 44 15.72664(W),42.0877286917,-72.7377018444,,NAD 83,(1996),,ADJUSTED,49.9,NAVD 88,,VERTCON3,-28.901,GEOID18,,,,,,,,,2,,,,,,MA M,871556.297,97603.456,-0 49 53.0,0.99996318,18,4661993.292,687105.609,+1 31 00.4,1.00003078,C,1980,20050717,GOOD,GEOCAC,N,DE = TRAVERSE STATION DISK,7 = SET IN TOP OF CONCRETE MONUMENT,
,20260102,http://www.ngs.noaa.gov/cgi-bin/ds_mark.prl?PidBox=MZ2848,MZ2848,10386 AZ MK,,,,MA,HAMPDEN,WEST SPRINGFIELD (2018),42 05 08.56221(N),072 43 45.64365(W),42.0857117250,-72.7293454583,,NAD 83,(1996),,NO CHECK,47.,NAVD 88,,VERTCON3,-28.911,GEOID18,,,,,,,,,2,,,,,,MA M,871322.295,98291.513,-0 49 32.8,0.99996364,18,4661787.664,687802.721,+1 31 20.4,1.00003400,C,1980,20050717,GOOD,GEOCAC,N,DE = TRAVERSE STATION DISK,7 = SET IN TOP OF CONCRETE MONUMENT,
,20260102,http://www.ngs.noaa.gov/cgi-bin/ds_mark.prl?PidBox=MZ2849,MZ2849,10387,,,,MA,HAMPDEN,SOUTHWICK (2018),42 04 14.91460(N),072 45 53.22046(W),42.0708096111,-72.7647834611,,NAD 83,(1996),,ADJUSTED,76.0,NAVD 88,,VERTCON3,-28.878,GEOID18,,,,,,,,,2,,,,,,MA M,869710.149,95335.259,-0 50 58.5,0.99995973,18,4660055.656,684914.821,+1 29 53.3,1.00002076,C,1980,1980,MONUMENTED,MAGS,,DE = TRAVERSE STATION DISK,7 = SET IN TOP OF CONCRETE MONUMENT,
,20260102,http://www.ngs.noaa.gov/cgi-bin/ds_mark.prl?PidBox=MZ2850,MZ2850,10387 AZ MK,,,,MA,HAMPDEN,SOUTHWICK (2018),42 03 57.68000(N),072 46 05.75601(W),42.0660222222,-72.7682655583,,NAD 83,(1996),,NO CHECK,107.,NAVD 88,,VERTCON3,-28.876,GEOID18,,,,,,,,,2,,,,,,MA M,869182.746,95039.220,-0 51 06.9,0.99995504,18,4659516.541,684640.619,+1 29 44.4,1.00001951,C,1980,20050721,GOOD,GEOCAC,N,DE = TRAVERSE STATION DISK,80 = SET IN A BOULDER,
,20260102,http://www.ngs.noaa.gov/cgi-bin/ds_mark.prl?PidBox=MZ2851,MZ2851,10388,,,,MA,HAMPDEN,SOUTHWICK (2018),42 00 46.02524(N),072 47 42.43654(W),42.0127847889,-72.7951212611,,NAD 83,(1996),,ADJUSTED,79.5,NAVD 88,,VERTCON3,-28.876,GEOID18,,,,,,,,,2,,,,,,MA M,863303.714,92727.050,-0 52 11.9,0.99996196,18,4653547.483,682571.030,+1 28 34.0,1.00001016,C,1980,20050617,GOOD,GEOCAC,N,DE = TRAVERSE STATION DISK,7 = SET IN TOP OF CONCRETE MONUMENT,
,20260102,http://www.ngs.noaa.gov/cgi-bin/ds_mark.prl?PidBox=MZ2852,MZ2852,10389,,,,MA,HAMPDEN,SOUTHWICK (2018),42 01 06.73913(N),072 47 27.57862(W),42.0185386472,-72.7909940611,,NAD 83,(1996),,ADJUSTED,80.8,NAVD 88,,VERTCON3,-28.879,GEOID18,,,,,,,,,2,,,,,,MA M,863937.541,93078.546,-0 52 01.9,0.99996143,18,4654195.194,682896.298,+1 28 44.6,1.00001163,D,1980,20050617,MARK NOT FOUND,GEOCAC,,R = RIVET,0 = UNSPECIFIED SETTING,
,20260102,http://www.ngs.noaa.gov/cgi-bin/ds_mark.prl?PidBox=MZ2853,MZ2853,10390,,,,MA,HAMPDEN,SOUTHWICK (2018),42 01 16.70089(N),072 47 17.65206(W),42.0213058028,-72.7882366833,,NAD 83,(1996),,ADJUSTED,85.1,NAVD 88,,VERTCON3,-28.881,GEOID18,,,,,,,,,2,,,,,,MA M,864241.402,93311.539,-0 51 55.2,0.99996060,18,4654508.352,683116.665,+1 28 51.5,1.00001262,D,1980,20050617,GOOD,GEOCAC,N,R = RIVET,0 = UNSPECIFIED SETTING,
,20260102,http://www.ngs.noaa.gov/cgi-bin/ds_mark.prl?PidBox=MZ2854,MZ2854,10391,,,,MA,HAMPDEN,SOUTHWICK (2018),42 01 37.36802(N),072 47 07.78757(W),42.0270466722,-72.7854965472,,NAD 83,(1996),,ADJUSTED,86.5,NAVD 88,,VERTCON3,-28.882,GEOID18,,,,,,,,,2,,,,,,MA M,864875.546,93548.062,-0 51 48.6,0.99996008,18,4655151.677,683327.037,+1 28 58.7,1.00001357,D,1980,20050617,GOOD,GEOCAC,N,I = METAL ROD,2 = IMBEDDED OR DRIVEN IN THE GROUND,
,20260102,http://www.ngs.noaa.gov/cgi-bin/ds_mark.prl?PidBox=MZ2855,MZ2855,10392,,,,MA,HAMPDEN,SOUTHWICK (2018),42 01 47.52652(N),072 47 05.48018(W),42.0298684778,-72.7848556056,,NAD 83,(1996),,ADJUSTED,79.1,NAVD 88,,VERTCON3,-28.881,GEOID18,,,,,,,,,2,,,,,,MA M,865188.130,93605.856,-0 51 47.1,0.99996110,18,4655466.379,683371.986,+1 29 00.6,1.00001377,D,1980,20050617,GOOD,GEOCAC,N,I = METAL ROD,0 = UNSPECIFIED SETTING,
,20260102,http://www.ngs.noaa.gov/cgi-bin/ds_mark.prl?PidBox=MZ2856,MZ2856,10393,,,,MA,HAMPDEN,SOUTHWICK (2018),42 01 57.58409(N),072 47 05.78039(W),42.0326622472,-72.7849389972,,NAD 83,(1996),,ADJUSTED,80.5,NAVD 88,,VERTCON3,-28.878,GEOID18,,,,,,,,,2,,,,,,MA M,865498.504,93603.625,-0 51 47.3,0.99996073,18,4655776.415,683357.048,+1 29 00.7,1.00001370,C,1980,1980,MONUMENTED,MAGS,,DE = TRAVERSE STATION DISK,7 = SET IN TOP OF CONCRETE MONUMENT,
,20260102,http://www.ngs.noaa.gov/cgi-bin/ds_mark.prl?PidBox=MZ2857,MZ2857,10394,,,,MA,HAMPDEN,SOUTHWICK (2018),42 02 15.90470(N),072 47 03.62745(W),42.0377513056,-72.7843409583,,NAD 83,(1996),,ADJUSTED,76.4,NAVD 88,,VERTCON3,-28.875,GEOID18,,,,,,,,,2,,,,,,MA M,866062.938,93661.651,-0 51 45.8,0.99996112,18,4656342.777,683391.916,+1 29 02.6,1.00001386,C,1980,20050617,POOR,GEOCAC,,DE = TRAVERSE STATION DISK,7 = SET IN TOP OF CONCRETE MONUMENT,
,20260102,http://www.ngs.noaa.gov/cgi-bin/ds_mark.prl?PidBox=MZ2858,MZ2858,10395,,,,MA,HAMPDEN,SOUTHWICK (2018),42 02 51.98744(N),072 46 46.81737(W),42.0477742889,-72.7796714917,,NAD 83,(1996),,ADJUSTED,83.0,NAVD 88,,VERTCON3,-28.873,GEOID18,,,,,,,,,2,,,,,,MA M,867170.261,94064.937,-0 51 34.5,0.99995960,18,4657465.738,683749.535,+1 29 14.9,1.00001547,D,1980,1980,MONUMENTED,MAGS,,B = BOLT,2 = IMBEDDED OR DRIVEN IN THE GROUND,
,20260102,http://www.ngs.noaa.gov/cgi-bin/ds_mark.prl?PidBox=MZ2859,MZ2859,10396,,,,MA,HAMPDEN,SOUTHWICK (2018),42 02 58.59526(N),072 46 35.39696(W),42.0496097944,-72.7764991556,,NAD 83,(1996),,ADJUSTED,72.3,NAVD 88,,VERTCON3,-28.877,GEOID18,,,,,,,,,2,,,,,,MA M,867370.174,94330.584,-0 51 26.9,0.99996119,18,4657676.372,684006.784,+1 29 22.8,1.00001664,D,1980,20050722,GOOD,GEOCAC,N,I = METAL ROD,2 = IMBEDDED OR DRIVEN IN THE GROUND,
,20260102,http://www.ngs.noaa.gov/cgi-bin/ds_mark.prl?PidBox=MZ2860,MZ2860,10397,,,,MA,HAMPDEN,SOUTHWICK (2018),42 03 06.10663(N),072 46 26.96021(W),42.0516962861,-72.7741556139,,NAD 83,(1996),,ADJUSTED,73.3,NAVD 88,,VERTCON3,-28.879,GEOID18,,,,,,,,,2,,,,,,MA M,867598.995,94528.031,-0 51 21.2,0.99996094,18,4657913.100,684194.704,+1 29 28.6,1.00001749,D,1980,1980,MONUMENTED,MAGS,,I = METAL ROD,2 = IMBEDDED OR DRIVEN IN THE GROUND,
,20260102,http://www.ngs.noaa.gov/cgi-bin/ds_mark.prl?PidBox=MZ2861,MZ2861,10398,,,,MA,HAMPDEN,SOUTHWICK (2018),42 03 11.65982(N),072 46 18.61703(W),42.0532388389,-72.7718380639,,NAD 83,(1996),,ADJUSTED,71.7,NAVD 88,,VERTCON3,-28.881,GEOID18,,,,,,,,,2,,,,,,MA M,867767.446,94722.413,-0 51 15.6,0.99996113,18,4658089.378,684382.033,+1 29 34.4,1.00001834,D,1980,20050722,GOOD,GEOCAC,N,I = METAL ROD,2 = IMBEDDED OR DRIVEN IN THE GROUND,
,20260102,http://www.ngs.noaa.gov/cgi-bin/ds_mark.prl?PidBox=MZ2862,MZ2862,10399,,,,MA,HAMPDEN,SOUTHWICK (2018),42 03 19.90093(N),072 46 08.91806(W),42.0555280361,-72.7691439056,,NAD 83,(1996),,ADJUSTED,76.1,NAVD 88,,VERTCON3,-28.884,GEOID18,,,,,,,,,2,,,,,,MA M,868018.358,94949.192,-0 51 09.1,0.99996034,18,4658349.382,684598.356,+1 29 41.1,1.00001932,D,1980,20050722,GOOD,GEOCAC,N,I = METAL ROD,2 = IMBEDDED OR DRIVEN IN THE GROUND,
,20260102,http://www.ngs.noaa.gov/cgi-bin/ds_mark.prl?PidBox=MZ2863,MZ2863,10400,,,,MA,HAMPDEN,SOUTHWICK (2018),42 03 33.91184(N),072 46 00.22792(W),42.0594199556,-72.7667299778,,NAD 83,(1996),,ADJUSTED,93.52,NAVD 88,,VERTCON3,-28.884,GEOID18,,,,,,,,,2,,,,,,MA M,868447.619,95155.404,-0 51 03.2,0.99995743,18,4658786.751,684786.824,+1 29 47.4,1.00002018,C,1980,20050722,GOOD,GEOCAC,N,S = SPIKE,7 = SET IN TOP OF CONCRETE MONUMENT,
,20260102,http://www.ngs.noaa.gov/cgi-bin/ds_mark.prl?PidBox=MZ2864,MZ2864,10401,,,,MA,HAMPDEN,SOUTHWICK (2018),42 03 48.05548(N),072 45 52.68460(W),42.0633487444,-72.7646346111,,NAD 83,(1996),,ADJUSTED,83.1,NAVD 88,,VERTCON3,-28.884,GEOID18,,,,,,,,,2,,,,,,MA M,868881.372,95335.290,-0 50 58.2,0.99995891,18,4659227.531,684948.802,+1 29 52.8,1.00002091,C,1980,1980,MONUMENTED,MAGS,,DE = TRAVERSE STATION DISK,7 = SET IN TOP OF CONCRETE MONUMENT,
,20260102,http://www.ngs.noaa.gov/cgi-bin/ds_mark.prl?PidBox=MZ2865,MZ2865,10402,,,,MA,HAMPDEN,SOUTHWICK (2018),42 03 53.86839(N),072 45 50.94074(W),42.0649634417,-72.7641502056,,NAD 83,(1996),,ADJUSTED,85.3,NAVD 88,,VERTCON3,-28.883,GEOID18,,,,,,,,,2,,,,,,MA M,869060.104,95378.036,-0 50 57.0,0.99995848,18,4659407.874,684984.193,+1 29 54.2,1.00002107,C,1980,20050722,GOOD,GEOCAC,N,DE = TRAVERSE STATION DISK,7 = SET IN TOP OF CONCRETE MONUMENT,
,20260102,http://www.ngs.noaa.gov/cgi-bin/ds_mark.prl?PidBox=MZ2866,MZ2866,10403,,,,MA,HAMPDEN,SOUTHWICK (2018),42 04 25.99448(N),072 46 01.59862(W),42.0738873556,-72.7671107278,,NAD 83,(1996),,ADJUSTED,76.4,NAVD 88,,VERTCON3,-28.872,GEOID18,,,,,,,,,2,,,,,,MA M,870054.818,95147.763,-0 51 04.2,0.99995953,18,4660392.373,684713.352,+1 29 48.0,1.00001984,D,1980,20050721,GOOD,GEOCAC,N,I = METAL ROD,2 = IMBEDDED OR DRIVEN IN THE GROUND,
,20260102,http://www.ngs.noaa.gov/cgi-bin/ds_mark.prl?PidBox=MZ2867,MZ2867,10404,,,,MA,HAMPDEN,SOUTHWICK (2018),42 04 36.95171(N),072 46 07.62411(W),42.0769310306,-72.7687844750,,NAD 83,(1996),,ADJUSTED,77.0,NAVD 88,,VERTCON3,-28.867,GEOID18,,,,,,,,,2,,,,,,MA M,870394.904,95014.301,-0 51 08.2,0.99995932,18,4660726.723,684566.062,+1 29 44.2,1.00001917,D,1980,20050721,GOOD,GEOCAC,N,I = METAL ROD,2 = IMBEDDED OR DRIVEN IN THE GROUND,
,20260102,http://www.ngs.noaa.gov/cgi-bin/ds_mark.prl?PidBox=MY5438,MY5438,10405,,,,MA,ESSEX,SALEM (2018),42 32 18.47963(N),070 56 26.27217(W),42.5384665639,-70.9406311583,,NAD 83,(1996),,ADJUSTED,29.8,NAVD 88,,VERTCON3,-27.104,GEOID18,,,,,,,,,2,,,,,,MA M,921030.162,245950.211,+0 22 32.7,0.99998147,19,4711389.336,340640.947,-1 18 44.3,0.99991245,C,1981,20031202,MARK NOT FOUND,USPSQD,,DD = SURVEY DISK,7 = SET IN TOP OF CONCRETE MONUMENT,10405
,20260102,http://www.ngs.noaa.gov/cgi-bin/ds_mark.prl?PidBox=MY5439,MY5439,10406,,,,MA,ESSEX,SALEM (2018),42 32 23.67354(N),070 56 16.40260(W),42.5399093167,-70.9378896111,,NAD 83,(1996),,ADJUSTED,25.3,NAVD 88,,VERTCON3,-27.097,GEOID18,,,,,,,,,2,,,,,,MA M,921191.902,246174.361,+0 22 39.3,0.99998233,19,4711544.392,340869.747,-1 18 37.8,0.99991156,D,1981,20031202,MARK NOT FOUND,USPSQD,,S = SPIKE,31 = SET IN A PAVEMENT SUCH AS STREET SIDEWALK CURB ETC.,
,20260102,http://www.ngs.noaa.gov/cgi-bin/ds_mark.prl?PidBox=MY5440,MY5440,10407,,,,MA,ESSEX,SALEM (2018),42 32 32.44650(N),070 56 08.45902(W),42.5423462500,-70.9356830611,,NAD 83,(1996),,ADJUSTED,15.2,NAVD 88,,VERTCON3,-27.090,GEOID18,,,,,,,,,2,,,,,,MA M,921463.792,246353.823,+0 22 44.6,0.99998417,19,4711810.859,341057.128,-1 18 32.6,0.99991082,C,1981,20040408,MARK NOT FOUND,USPSQD,,DD = SURVEY DISK,7 = SET IN TOP OF CONCRETE MONUMENT,10407
,20260102,http://www.ngs.noaa.gov/cgi-bin/ds_mark.prl?PidBox=MY5441,MY5441,10408,,,,MA,ESSEX,SALEM (2018),42 33 37.21210(N),070 55 34.59958(W),42.5603366944,-70.9262776611,,NAD 83,(1996),,ADJUSTED,3.9,NAVD 88,,VERTCON3,-27.058,GEOID18,,,,,,,,,2,,,,,,MA M,923467.318,247112.943,+0 23 07.4,0.99998786,19,4713791.002,341874.887,-1 18 11.3,0.99990763,D,1981,20031202,MARK NOT FOUND,USPSQD,,N = NAIL,31 = SET IN A PAVEMENT SUCH AS STREET SIDEWALK CURB ETC.,
,20260102,http://www.ngs.noaa.gov/cgi-bin/ds_mark.prl?PidBox=MY5442,MY5442,10410,,,,MA,ESSEX,SALEM (2018),42 31 23.60043(N),070 59 45.94656(W),42.5232223417,-70.9960962667,,NAD 83,(1996),,ADJUSTED,49.7,NAVD 88,,VERTCON3,-27.250,GEOID18,,,,,,,,,2,,,,,,MA M,919308.442,241404.005,+0 20 18.6,0.99997685,19,4709802.374,336046.270,-1 20 58.0,0.99993073,B,1981,1988,GOOD,MAGS,,DD = SURVEY DISK,36 = SET IN A MASSIVE STRUCTURE,10410
,20260102,http://www.ngs.noaa.gov/cgi-bin/ds_mark.prl?PidBox=MZ2868,MZ2868,10416,,,,MA,HAMPDEN,SOUTHWICK (2018),42 05 20.78329(N),072 45 48.44767(W),42.0891064694,-72.7634576861,,NAD 83,(1996),,ADJUSTED,76.0,NAVD 88,,VERTCON3,-28.868,GEOID18,,,,,,,,,2,,,,,,MA M,871740.553,95475.065,-0 50 55.3,0.99995904,18,4662090.193,684971.329,+1 29 58.4,1.00002101,D,1981,20050721,GOOD,GEOCAC,N,I = METAL ROD,2 = IMBEDDED OR DRIVEN IN THE GROUND,
,20260102,http://www.ngs.noaa.gov/cgi-bin/ds_mark.prl?PidBox=MZ2869,MZ2869,10417,,,,MA,HAMPDEN,SOUTHWICK (2018),42 05 30.51650(N),072 45 45.98672(W),42.0918101389,-72.7627740889,,NAD 83,(1996),,ADJUSTED,76.1,NAVD 88,,VERTCON3,-28.868,GEOID18,,,,,,,,,2,,,,,,MA M,872039.983,95536.060,-0 50 53.7,0.99995895,18,4662391.887,685020.007,+1 30 00.3,1.00002123,D,1981,20050721,GOOD,GEOCAC,N,I = METAL ROD,2 = IMBEDDED OR DRIVEN IN THE GROUND,
,20260102,http://www.ngs.noaa.gov/cgi-bin/ds_mark.prl?PidBox=MZ2870,MZ2870,10418,,,,MA,HAMPDEN,SOUTHWICK (2018),42 05 40.81909(N),072 45 47.13419(W),42.0946719694,-72.7630928306,,NAD 83,(1996),,ADJUSTED,77.1,NAVD 88,,VERTCON3,-28.865,GEOID18,,,,,,,,,2,,,,,,MA M,872358.206,95514.401,-0 50 54.4,0.99995868,18,4662708.973,684985.325,+1 29 59.8,1.00002108,D,1981,20050721,GOOD,GEOCAC,N,I = METAL ROD,2 = IMBEDDED OR DRIVEN IN THE GROUND,
,20260102,http://www.ngs.noaa.gov/cgi-bin/ds_mark.prl?PidBox=MZ2871,MZ2871,10419,,,,MA,HAMPDEN,SOUTHWICK (2018),42 05 48.32669(N),072 45 34.96077(W),42.0967574139,-72.7597113250,,NAD 83,(1996),,ADJUSTED,75.8,NAVD 88,,VERTCON3,-28.869,GEOID18,,,,,,,,,2,,,,,,MA M,872585.677,95797.526,-0 50 46.3,0.99995883,18,4662947.867,685258.907,+1 30 08.2,1.00002232,C,1981,20050717,GOOD,GEOCAC,Y,H = DRILL HOLE,7 = SET IN TOP OF CONCRETE MONUMENT,
,20260102,http://www.ngs.noaa.gov/cgi-bin/ds_mark.prl?PidBox=MZ2872,MZ2872,10420,,,,MA,HAMPDEN,SOUTHWICK (2018),42 05 42.64058(N),072 45 03.31728(W),42.0951779389,-72.7509214667,,NAD 83,(1996),,ADJUSTED,76.8,NAVD 88,,VERTCON3,-28.882,GEOID18,,,,,,,,,2,,,,,,MA M,872399.561,96521.993,-0 50 25.0,0.99995872,18,4662791.585,685990.433,+1 30 29.3,1.00002566,D,1981,20050717,GOOD,GEOCAC,N,H = DRILL HOLE,0 = UNSPECIFIED SETTING,
,20260102,http://www.ngs.noaa.gov/cgi-bin/ds_mark.prl?PidBox=MZ2873,MZ2873,10421,,,,MA,HAMPDEN,WEST SPRINGFIELD (2018),42 05 37.23707(N),072 44 41.02485(W),42.0936769639,-72.7447291250,,NAD 83,(1996),,ADJUSTED,70.8,NAVD 88,,VERTCON3,-28.890,GEOID18,,,,,,,,,2,,,,,,MA M,872225.369,97031.763,-0 50 10.0,0.99995970,18,4662638.418,686506.944,+1 30 44.1,1.00002803,D,1981,20050717,GOOD,GEOCAC,N,I = METAL ROD,2 = IMBEDDED OR DRIVEN IN THE GROUND,
,20260102,http://www.ngs.noaa.gov/cgi-bin/ds_mark.prl?PidBox=MZ2874,MZ2874,10422,,,,MA,HAMPDEN,WEST SPRINGFIELD (2018),42 05 24.30093(N),072 44 29.63811(W),42.0900835917,-72.7415661417,,NAD 83,(1996),,ADJUSTED,54.0,NAVD 88,,VERTCON3,-28.896,GEOID18,,,,,,,,,2,,,,,,MA M,871822.477,97287.588,-0 50 02.4,0.99996246,18,4662246.323,686779.079,+1 30 51.3,1.00002928,D,1981,20050717,GOOD,GEOCAC,N,I = METAL ROD,2 = IMBEDDED OR DRIVEN IN THE GROUND,
,20260102,http://www.ngs.noaa.gov/cgi-bin/ds_mark.prl?PidBox=MZ2875,MZ2875,10423,,,,MA,HAMPDEN,TOLLAND CENTER (2018),42 04 21.64907(N),073 00 59.89291(W),42.0726802972,-73.0166369194,,NAD 83,(1996),,ADJUSTED,419.9,NAVD 88,,VERTCON3,-28.748,GEOID18,,,,,,,,,2,,,,,,MA M,870257.705,74499.316,-1 01 07.6,0.99990568,18,4659749.165,664073.769,+1 19 45.5,0.99993125,C,1981,20060826,GOOD,GEOCAC,N,DE = TRAVERSE STATION DISK,7 = SET IN TOP OF CONCRETE MONUMENT,
,20260102,http://www.ngs.noaa.gov/cgi-bin/ds_mark.prl?PidBox=MZ2876,MZ2876,10424,,,,MA,HAMPDEN,TOLLAND CENTER (2018),42 04 29.56469(N),073 00 46.91104(W),42.0748790806,-73.0130308444,,NAD 83,(1996),,ADJUSTED,434.5,NAVD 88,,VERTCON3,-28.738,GEOID18,,,,,,,,,2,,,,,,MA M,870496.589,74802.017,-1 00 58.8,0.99990332,18,4660000.241,664366.418,+1 19 54.4,0.99993244,C,1982,20060826,GOOD,GEOCAC,N,R = RIVET,80 = SET IN A BOULDER,
,20260102,http://www.ngs.noaa.gov/cgi-bin/ds_mark.prl?PidBox=MZ2877,MZ2877,10425,,,,MA,HAMPDEN,TOLLAND CENTER (2018),42 04 36.32549(N),073 00 43.90815(W),42.0767570806,-73.0121967083,,NAD 83,(1996),,ADJUSTED,444.0,NAVD 88,,VERTCON3,-28.735,GEOID18,,,,,,,,,2,,,,,,MA M,870703.923,74874.729,-1 00 56.8,0.99990176,18,4660210.373,664430.573,+1 19 56.6,0.99993269,C,1982,20060826,GOOD,GEOCAC,N,R = RIVET,80 = SET IN A BOULDER,
,20260102,http://www.ngs.noaa.gov/cgi-bin/ds_mark.prl?PidBox=MZ2878,MZ2878,10426,,,,MA,HAMPDEN,TOLLAND CENTER (2018),42 04 43.33426(N),073 00 42.31970(W),42.0787039611,-73.0117554722,,NAD 83,(1996),,ADJUSTED,455.6,NAVD 88,,VERTCON3,-28.732,GEOID18,,,,,,,,,2,,,,,,MA M,870919.484,74915.067,-1 00 55.8,0.99989985,18,4660427.399,664462.044,+1 19 57.8,0.99993282,C,1982,20060826,MARK NOT FOUND,GEOCAC,,R = RIVET,80 = SET IN A BOULDER,
,20260102,http://www.ngs.noaa.gov/cgi-bin/ds_mark.prl?PidBox=MZ2879,MZ2879,10427,,,,MA,HAMPDEN,WEST SPRINGFIELD (2018),42 03 55.47110(N),072 44 29.68336(W),42.0654086389,-72.7415787111,,NAD 83,(1996),,ADJUSTED,70.0,NAVD 88,,VERTCON3,-28.914,GEOID18,,,,,,,,,2,,,,,,MA M,869082.108,97246.656,-0 50 02.4,0.99996088,18,4659506.406,686850.451,+1 30 48.7,1.00002961,D,1981,1981,MONUMENTED,MAGS,,I = METAL ROD,2 = IMBEDDED OR DRIVEN IN THE GROUND,
,20260102,http://www.ngs.noaa.gov/cgi-bin/ds_mark.prl?PidBox=MZ2880,MZ2880,10428,,,,MA,HAMPDEN,WEST SPRINGFIELD (2018),42 03 56.44855(N),072 44 19.93643(W),42.0656801528,-72.7388712306,,NAD 83,(1996),,ADJUSTED,61.2,NAVD 88,,VERTCON3,-28.916,GEOID18,,,,,,,,,2,,,,,,MA M,869109.005,97471.150,-0 49 55.9,0.99996225,18,4659542.477,687073.669,+1 30 55.3,1.00003064,D,1981,1981,MONUMENTED,MAGS,,I = METAL ROD,2 = IMBEDDED OR DRIVEN IN THE GROUND,
,20260102,http://www.ngs.noaa.gov/cgi-bin/ds_mark.prl?PidBox=MZ2881,MZ2881,10429,,,,MA,HAMPDEN,WEST SPRINGFIELD (2018),42 03 59.32282(N),072 44 11.45792(W),42.0664785611,-72.7365160889,,NAD 83,(1996),,ADJUSTED,51.0,NAVD 88,,VERTCON3,-28.918,GEOID18,,,,,,,,,2,,,,,,MA M,869194.847,97667.333,-0 49 50.2,0.99996382,18,4659636.289,687266.183,+1 31 01.0,1.00003153,D,1981,1981,MONUMENTED,MAGS,,I = METAL ROD,2 = IMBEDDED OR DRIVEN IN THE GROUND,
,20260102,http://www.ngs.noaa.gov/cgi-bin/ds_mark.prl?PidBox=MZ2882,MZ2882,10430,,,,MA,HAMPDEN,WEST SPRINGFIELD (2018),42 03 57.87082(N),072 44 03.20081(W),42.0660752278,-72.7342224472,,NAD 83,(1996),,ADJUSTED,51.0,NAVD 88,,VERTCON3,-28.921,GEOID18,,,,,,,,,2,,,,,,MA M,869147.304,97856.490,-0 49 44.6,0.99996383,18,4659596.532,687457.142,+1 31 06.5,1.00003241,D,1981,1981,MONUMENTED,MAGS,,I = METAL ROD,2 = IMBEDDED OR DRIVEN IN THE GROUND,
,20260102,http://www.ngs.noaa.gov/cgi-bin/ds_mark.prl?PidBox=MZ2883,MZ2883,10431,,,,MA,HAMPDEN,WEST SPRINGFIELD (2018),42 03 50.70597(N),072 43 55.80437(W),42.0640849917,-72.7321678806,,NAD 83,(1996),,ADJUSTED,64.6,NAVD 88,,VERTCON3,-28.924,GEOID18,,,,,,,,,2,,,,,,MA M,868923.811,98023.320,-0 49 39.7,0.99996178,18,4659380.046,687632.997,+1 31 11.3,1.00003322,D,1981,1981,MONUMENTED,MAGS,,I = METAL ROD,2 = IMBEDDED OR DRIVEN IN THE GROUND,
,20260102,http://www.ngs.noaa.gov/cgi-bin/ds_mark.prl?PidBox=MZ2884,MZ2884,10432,,,,MA,HAMPDEN,WEST SPRINGFIELD (2018),42 03 49.23907(N),072 43 48.83091(W),42.0636775194,-72.7302308083,,NAD 83,(1996),,ADJUSTED,68.6,NAVD 88,,VERTCON3,-28.926,GEOID18,,,,,,,,,2,,,,,,MA M,868876.243,98182.972,-0 49 35.0,0.99996116,18,4659339.055,687794.474,+1 31 15.9,1.00003396,C,1981,20050605,GOOD,GEOCAC,N,DE = TRAVERSE STATION DISK,7 = SET IN TOP OF CONCRETE MONUMENT,
,20260102,http://www.ngs.noaa.gov/cgi-bin/ds_mark.prl?PidBox=MZ2885,MZ2885,10433,,,,MA,HAMPDEN,WEST SPRINGFIELD (2018),42 03 50.57065(N),072 43 32.53007(W),42.0640474028,-72.7257027972,,NAD 83,(1996),,ADJUSTED,73.8,NAVD 88,,VERTCON3,-28.929,GEOID18,,,,,,,,,2,,,,,,MA M,868911.927,98558.286,-0 49 24.0,0.99996033,18,4659390.085,688168.037,+1 31 26.9,1.00003569,C,1981,20050605,GOOD,GEOCAC,N,DE = TRAVERSE STATION DISK,7 = SET IN TOP OF CONCRETE MONUMENT,
,20260102,http://www.ngs.noaa.gov/cgi-bin/ds_mark.prl?PidBox=MZ2886,MZ2886,10434,,,,MA,HAMPDEN,WEST SPRINGFIELD (2018),42 03 45.48686(N),072 43 34.91843(W),42.0626352389,-72.7263662306,,NAD 83,(1996),,ADJUSTED,73.1,NAVD 88,,VERTCON3,-28.930,GEOID18,,,,,,,,,2,,,,,,MA M,868755.883,98501.128,-0 49 25.6,0.99996051,18,4659231.819,688117.315,+1 31 25.1,1.00003546,D,1981,1981,MONUMENTED,MAGS,,I = METAL ROD,2 = IMBEDDED OR DRIVEN IN THE GROUND,
,20260102,http://www.ngs.noaa.gov/cgi-bin/ds_mark.prl?PidBox=MZ2887,MZ2887,10435,,,,MA,HAMPDEN,WEST SPRINGFIELD (2018),42 03 39.03447(N),072 43 39.86456(W),42.0608429083,-72.7277401556,,NAD 83,(1996),,ADJUSTED,71.7,NAVD 88,,VERTCON3,-28.930,GEOID18,,,,,,,,,2,,,,,,MA M,868558.463,98384.559,-0 49 28.9,0.99996080,18,4659029.777,688008.922,+1 31 21.6,1.00003496,D,1981,1981,MONUMENTED,MAGS,,I = METAL ROD,2 = IMBEDDED OR DRIVEN IN THE GROUND,
,20260102,http://www.ngs.noaa.gov/cgi-bin/ds_mark.prl?PidBox=MZ2888,MZ2888,10436,,,,MA,HAMPDEN,WEST SPRINGFIELD (2018),42 03 31.49939(N),072 43 42.89851(W),42.0587498306,-72.7285829194,,NAD 83,(1996),,ADJUSTED,67.9,NAVD 88,,VERTCON3,-28.931,GEOID18,,,,,,,,,2,,,,,,MA M,868327.012,98311.463,-0 49 31.0,0.99996148,18,4658795.510,687945.363,+1 31 19.4,1.00003466,D,1982,1982,MONUMENTED,MAGS,,I = METAL ROD,2 = IMBEDDED OR DRIVEN IN THE GROUND,
,20260102,http://www.ngs.noaa.gov/cgi-bin/ds_mark.prl?PidBox=MZ2889,MZ2889,10437,,,,MA,HAMPDEN,WEST SPRINGFIELD (2018),42 03 20.27632(N),072 43 40.01889(W),42.0556323111,-72.7277830250,,NAD 83,(1996),,ADJUSTED,68.7,NAVD 88,,VERTCON3,-28.934,GEOID18,,,,,,,,,2,,,,,,MA M,867979.829,98372.681,-0 49 29.1,0.99996151,18,4658451.103,688020.754,+1 31 21.0,1.00003501,D,1981,1981,MONUMENTED,MAGS,,I = METAL ROD,2 = IMBEDDED OR DRIVEN IN THE GROUND,
,20260102,http://www.ngs.noaa.gov/cgi-bin/ds_mark.prl?PidBox=MZ2890,MZ2890,10438,,,,MA,HAMPDEN,WEST SPRINGFIELD (2018),42 03 10.11688(N),072 43 39.14720(W),42.0528102444,-72.7275408889,,NAD 83,(1996),,ADJUSTED,68.4,NAVD 88,,VERTCON3,-28.937,GEOID18,,,,,,,,,2,,,,,,MA M,867666.124,98388.211,-0 49 28.5,0.99996167,18,4658138.276,688049.121,+1 31 21.3,1.00003514,D,1981,1981,MONUMENTED,MAGS,,I = METAL ROD,2 = IMBEDDED OR DRIVEN IN THE GROUND,
,20260102,http://www.ngs.noaa.gov/cgi-bin/ds_mark.prl?PidBox=MZ2891,MZ2891,10439,,,,MA,HAMPDEN,WEST SPRINGFIELD (2018),42 03 02.24188(N),072 43 37.02919(W),42.0506227444,-72.7269525528,,NAD 83,(1996),,ADJUSTED,69.0,NAVD 88,,VERTCON3,-28.939,GEOID18,,,,,,,,,2,,,,,,MA M,867422.481,98433.413,-0 49 27.0,0.99996167,18,4657896.673,688104.267,+1 31 22.5,1.00003540,D,1982,1982,MONUMENTED,MAGS,,I = METAL ROD,2 = IMBEDDED OR DRIVEN IN THE GROUND,
,20260102,http://www.ngs.noaa.gov/cgi-bin/ds_mark.prl?PidBox=MY6028,MY6028,10448,,,,MA,WORCESTER,SHIRLEY (2018),42 30 37.91369(N),071 43 22.03320(W),42.5105315806,-71.7227870000,,NAD 83,(1996),,ADJUSTED,126.9,NAVD 88,,VERTCON3,-28.105,GEOID18,,,,,,,,,2,,,,,,MA M,917800.348,181690.605,-0 08 58.7,0.99996366,19,4710055.443,276309.224,-1 50 26.2,1.00021568,C,1981,1981,MONUMENTED,MAGS,,DE = TRAVERSE STATION DISK,7 = SET IN TOP OF CONCRETE MONUMENT,
,20260102,http://www.ngs.noaa.gov/cgi-bin/ds_mark.prl?PidBox=MY6029,MY6029,10460,,,,MA,WORCESTER,SHIRLEY (2018),42 31 22.63520(N),071 43 31.14577(W),42.5229542222,-71.7253182694,,NAD 83,(1996),,ADJUSTED,119.5,NAVD 88,,VERTCON3,-28.085,GEOID18,,,,,,,,,2,,,,,,MA M,919180.810,181486.222,-0 09 04.9,0.99996600,19,4711441.664,276145.632,-1 50 34.0,1.00021658,C,1981,1981,MONUMENTED,MAGS,,DE = TRAVERSE STATION DISK,7 = SET IN TOP OF CONCRETE MONUMENT,
,20260102,http://www.ngs.noaa.gov/cgi-bin/ds_mark.prl?PidBox=MY6030,MY6030,10462,,,,MA,WORCESTER,SHIRLEY (2018),42 31 07.00782(N),071 43 54.23473(W),42.5186132833,-71.7317318694,,NAD 83,(1996),,ADJUSTED,105.1,NAVD 88,,VERTCON3,-28.094,GEOID18,,,,,,,,,2,,,,,,MA M,918700.027,180957.926,-0 09 20.4,0.99996785,19,4710976.572,275603.246,-1 50 49.0,1.00021957,C,1981,1981,MONUMENTED,MAGS,,DE = TRAVERSE STATION DISK,7 = SET IN TOP OF CONCRETE MONUMENT,
,20260102,http://www.ngs.noaa.gov/cgi-bin/ds_mark.prl?PidBox=MY6031,MY6031,10463,,,,MA,WORCESTER,SHIRLEY (2018),42 31 30.83302(N),071 43 44.28637(W),42.5252313944,-71.7289684361,,NAD 83,(1996),,ADJUSTED,118.0,NAVD 88,,VERTCON3,-28.082,GEOID18,,,,,,,,,2,,,,,,MA M,919434.559,181186.978,-0 09 13.7,0.99996647,19,4711704.197,275853.939,-1 50 43.1,1.00021818,D,1981,1981,MONUMENTED,MAGS,,DE = TRAVERSE STATION DISK,0 = UNSPECIFIED SETTING,
,20260102,http://www.ngs.noaa.gov/cgi-bin/ds_mark.prl?PidBox=MY6032,MY6032,10465,,,,MA,WORCESTER,SHIRLEY (2018),42 31 17.16755(N),071 43 12.14296(W),42.5214354306,-71.7200397111,,NAD 83,(1996),,ADJUSTED,126.6,NAVD 88,,VERTCON3,-28.086,GEOID18,,,,,,,,,2,,,,,,MA M,919010.969,181919.511,-0 08 52.1,0.99996474,19,4711259.065,276573.820,-1 50 20.9,1.00021422,C,1981,1981,MONUMENTED,MAGS,,R = RIVET,80 = SET IN A BOULDER,
,20260102,http://www.ngs.noaa.gov/cgi-bin/ds_mark.prl?PidBox=MZ2993,MZ2993,10466,,,,MA,WORCESTER,TEMPLETON (2018),42 33 29.65341(N),072 01 45.68194(W),42.5582370583,-72.0293560944,,NAD 83,(1996),,ADJUSTED,338.3,NAVD 88,,VERTCON3,-27.869,GEOID18,,,,,,,,,2,,,,,,MA M,923210.532,156528.829,-0 21 20.1,0.99993530,18,4716037.504,743869.161,+2 00 36.5,1.00033177,A,1981,1981,MONUMENTED,MAGS,,DE = TRAVERSE STATION DISK,66 = SET IN ROCK OUTCROP,10466
,20260102,http://www.ngs.noaa.gov/cgi-bin/ds_mark.prl?PidBox=MZ2994,MZ2994,10466 AZ MK,,,,MA,WORCESTER,TEMPLETON (2018),42 33 29.81767(N),072 01 34.85344(W),42.5582826861,-72.0263481778,,NAD 83,(1996),,ADJUSTED,323.2,NAVD 88,,VERTCON3,-27.870,GEOID18,,,,,,,,,2,,,,,,MA M,923214.072,156775.869,-0 21 12.8,0.99993769,18,4716051.243,744115.931,+2 00 43.9,1.00033325,A,1981,1981,MONUMENTED,MAGS,,R = RIVET,66 = SET IN ROCK OUTCROP,
,20260102,http://www.ngs.noaa.gov/cgi-bin/ds_mark.prl?PidBox=MY6055,MY6055,10472,,,,MA,WORCESTER,STERLING (2018),42 24 09.83007(N),071 47 51.89003(W),42.4027305750,-71.7977472306,,NAD 83,(1996),,ADJUSTED,160.3,NAVD 88,,VERTCON3,-28.303,GEOID18,,,,,,,,,2,,,,,,MA M,905844.754,175488.340,-0 12 00.0,0.99995005,19,4698284.826,269755.525,-1 53 14.8,1.00025230,C,1981,1981,MONUMENTED,MAGS,,DE = TRAVERSE STATION DISK,7 = SET IN TOP OF CONCRETE MONUMENT,
,20260102,http://www.ngs.noaa.gov/cgi-bin/ds_mark.prl?PidBox=MY6056,MY6056,10475,,,,MA,WORCESTER,STERLING (2018),42 24 30.40300(N),071 47 43.10181(W),42.4084452778,-71.7953060583,,NAD 83,(1996),,ADJUSTED,160.4,NAVD 88,,VERTCON3,-28.291,GEOID18,,,,,,,,,2,,,,,,MA M,906478.829,175691.503,-0 11 54.1,0.99995039,19,4698912.819,269977.335,-1 53 09.6,1.00025104,C,1981,1981,MONUMENTED,MAGS,,DE = TRAVERSE STATION DISK,7 = SET IN TOP OF CONCRETE MONUMENT,
,20260102,http://www.ngs.noaa.gov/cgi-bin/ds_mark.prl?PidBox=MY6057,MY6057,10479,,,,MA,WORCESTER,SHIRLEY (2018),42 30 16.17592(N),071 43 13.06837(W),42.5044933111,-71.7202967694,,NAD 83,(1996),,ADJUSTED,108.70,NAVD 88,,VERTCON3,-28.114,GEOID18,,,,,,,,,2,,,,,,MA M,917129.083,181893.528,-0 08 52.7,0.99996594,19,4709378.323,276492.295,-1 50 19.4,1.00021467,C,1981,1981,MONUMENTED,MAGS,,DE = TRAVERSE STATION DISK,7 = SET IN TOP OF CONCRETE MONUMENT,
,20260102,http://www.ngs.noaa.gov/cgi-bin/ds_mark.prl?PidBox=MY6058,MY6058,10480,,,,MA,WORCESTER,CLINTON (2018),42 29 17.62972(N),071 43 23.98905(W),42.4882304778,-71.7233302917,,NAD 83,(1996),,ADJUSTED,109.6,NAVD 88,,VERTCON3,-28.139,GEOID18,,,,,,,,,2,,,,,,MA M,915323.254,181639.469,-0 09 00.1,0.99996435,19,4707580.348,276185.002,-1 50 24.7,1.00021636,C,1981,1981,MONUMENTED,MAGS,,DE = TRAVERSE STATION DISK,7 = SET IN TOP OF CONCRETE MONUMENT,
,20260102,http://www.ngs.noaa.gov/cgi-bin/ds_mark.prl?PidBox=MY6059,MY6059,10481,,,,MA,WORCESTER,CLINTON (2018),42 28 28.34248(N),071 43 23.20470(W),42.4745395778,-71.7231124167,,NAD 83,(1996),,ADJUSTED,106.4,NAVD 88,,VERTCON3,-28.159,GEOID18,,,,,,,,,2,,,,,,MA M,913802.427,181653.403,-0 08 59.5,0.99996368,19,4706059.406,276154.072,-1 50 22.5,1.00021654,C,1981,1981,MONUMENTED,MAGS,,DE = TRAVERSE STATION DISK,7 = SET IN TOP OF CONCRETE MONUMENT,
,20260102,http://www.ngs.noaa.gov/cgi-bin/ds_mark.prl?PidBox=MY6060,MY6060,10482,,,,MA,WORCESTER,CLINTON (2018),42 27 52.90075(N),071 43 58.37645(W),42.4646946528,-71.7328823472,,NAD 83,(1996),,ADJUSTED,126.69,NAVD 88,,VERTCON3,-28.176,GEOID18,,,,,,,,,2,,,,,,MA M,912711.007,180847.035,-0 09 23.2,0.99995970,19,4704991.976,275315.671,-1 50 45.0,1.00022116,C,1981,1981,MONUMENTED,MAGS,,DE = TRAVERSE STATION DISK,7 = SET IN TOP OF CONCRETE MONUMENT,
,20260102,http://www.ngs.noaa.gov/cgi-bin/ds_mark.prl?PidBox=MY6061,MY6061,10483,,,,MA,WORCESTER,STERLING (2018),42 27 19.89272(N),071 45 13.25561(W),42.4555257556,-71.7536821139,,NAD 83,(1996),,ADJUSTED,174.5,NAVD 88,,VERTCON3,-28.188,GEOID18,,,,,,,,,2,,,,,,MA M,911697.415,179133.374,-0 10 13.5,0.99995147,19,4704029.100,273572.437,-1 51 34.5,1.00023084,C,1981,1981,MONUMENTED,MAGS,,DE = TRAVERSE STATION DISK,7 = SET IN TOP OF CONCRETE MONUMENT,
,20260102,http://www.ngs.noaa.gov/cgi-bin/ds_mark.prl?PidBox=MY6062,MY6062,10484,,,,MA,WORCESTER,STERLING (2018),42 25 23.14159(N),071 47 02.39804(W),42.4230948861,-71.7839994556,,NAD 83,(1996),,ADJUSTED,175.1,NAVD 88,,VERTCON3,-28.258,GEOID18,,,,,,,,,2,,,,,,MA M,908102.911,176627.635,-0 11 26.8,0.99994905,19,4700509.065,270961.171,-1 52 44.0,1.00024548,C,1981,1981,MONUMENTED,MAGS,,DE = TRAVERSE STATION DISK,7 = SET IN TOP OF CONCRETE MONUMENT,
,20260102,http://www.ngs.noaa.gov/cgi-bin/ds_mark.prl?PidBox=MY6063,MY6063,10485,,,,MA,WORCESTER,STERLING (2018),42 23 54.67379(N),071 48 22.13628(W),42.3985204972,-71.8061489667,,NAD 83,(1996),,NO CHECK,188.3,NAVD 88,,VERTCON3,-28.308,GEOID18,,,,,,,,,2,,,,,,MA M,905379.559,174795.002,-0 12 20.3,0.99994541,19,4697840.123,269048.589,-1 53 34.7,1.00025631,C,1981,1981,MONUMENTED,MAGS,,DO = NOT SPECIFIED OR SEE DESCRIPTION,7 = SET IN TOP OF CONCRETE MONUMENT,
,20260102,http://www.ngs.noaa.gov/cgi-bin/ds_mark.prl?PidBox=MY6070,MY6070,10486,,,,MA,WORCESTER,STERLING (2018),42 23 38.80806(N),071 48 48.78851(W),42.3941133500,-71.8135523639,,NAD 83,(1996),,ADJUSTED,186.5,NAVD 88,,VERTCON3,-28.314,GEOID18,,,,,,,,,2,,,,,,MA M,904892.241,174183.689,-0 12 38.2,0.99994543,19,4697370.881,268423.013,-1 53 52.1,1.00025988,A,1981,1981,MONUMENTED,MAGS,,DE = TRAVERSE STATION DISK,66 = SET IN ROCK OUTCROP,
,20260102,http://www.ngs.noaa.gov/cgi-bin/ds_mark.prl?PidBox=MY6071,MY6071,10487,,,,MA,WORCESTER,STERLING (2018),42 23 19.88685(N),071 49 01.27870(W),42.3888574583,-71.8170218611,,NAD 83,(1996),,ADJUSTED,174.9,NAVD 88,,VERTCON3,-28.325,GEOID18,,,,,,,,,2,,,,,,MA M,904309.489,173895.860,-0 12 46.6,0.99994694,19,4696796.689,268118.063,-1 53 59.9,1.00026162,C,1981,1981,MONUMENTED,MAGS,,DE = TRAVERSE STATION DISK,35 = SET IN A MAT FOUNDATION OR CONCRETE SLAB OTHER THAN PAVEMENT,
,20260102,http://www.ngs.noaa.gov/cgi-bin/ds_mark.prl?PidBox=MY6064,MY6064,10488,,,,MA,WORCESTER,STERLING (2018),42 25 37.31060(N),071 46 41.08010(W),42.4270307222,-71.7780778056,145.078,NAD 83,(2011),2010.00,ADJUSTED,173.3,NAVD 88,,GPS OBS,-28.248,GEOID18,,,0.74,1.51,0.33,0.27,0.77,-0.02249995,,,,1474446.542,-4478778.407,4280833.050,MA M,908538.490,177116.394,-0 11 12.5,0.99994959,19,4700930.170,271462.686,-1 52 30.1,1.00024266,A,1982,20000526,GOOD,NGS,Y,DE = TRAVERSE STATION DISK,66 = SET IN ROCK OUTCROP,10488
,20260102,http://www.ngs.noaa.gov/cgi-bin/ds_mark.prl?PidBox=MY6065,MY6065,10489,,,,MA,WORCESTER,STERLING (2018),42 26 18.19835(N),071 46 25.76864(W),42.4383884306,-71.7738246222,,NAD 83,(1996),,ADJUSTED,187.8,NAVD 88,,VERTCON3,-28.218,GEOID18,,,,,,,,,2,,,,,,MA M,909798.950,177470.446,-0 11 02.2,0.99994811,19,4702179.987,271853.829,-1 52 21.3,1.00024046,C,1982,1982,MONUMENTED,MAGS,,DE = TRAVERSE STATION DISK,80 = SET IN A BOULDER,
,20260102,http://www.ngs.noaa.gov/cgi-bin/ds_mark.prl?PidBox=MY6066,MY6066,10491,,,,MA,WORCESTER,STERLING (2018),42 26 53.86597(N),071 45 32.10076(W),42.4482961028,-71.7589168778,,NAD 83,(1996),,ADJUSTED,190.8,NAVD 88,,VERTCON3,-28.200,GEOID18,,,,,,,,,2,,,,,,MA M,910895.648,178700.352,-0 10 26.1,0.99994837,19,4703240.242,273115.853,-1 51 46.3,1.00023339,A,1982,1982,MONUMENTED,MAGS,,DE = TRAVERSE STATION DISK,66 = SET IN ROCK OUTCROP,
,20260102,http://www.ngs.noaa.gov/cgi-bin/ds_mark.prl?PidBox=MY6072,MY6072,10492,,,,MA,WORCESTER,WORCESTER NORTH (2018),42 22 16.48546(N),071 49 05.62427(W),42.3712459611,-71.8182289639,,NAD 83,(1996),,ADJUSTED,204.0,NAVD 88,,VERTCON3,-28.364,GEOID18,,,,,,,,,2,,,,,,MA M,902353.636,173789.167,-0 12 49.5,0.99994143,19,4694844.252,267953.800,-1 54 00.5,1.00026256,C,1981,1981,MONUMENTED,MAGS,,DE = TRAVERSE STATION DISK,80 = SET IN A BOULDER,
,20260102,http://www.ngs.noaa.gov/cgi-bin/ds_mark.prl?PidBox=MY6073,MY6073,10493,,,,MA,WORCESTER,WORCESTER NORTH (2018),42 21 55.33420(N),071 48 56.92333(W),42.3653706111,-71.8158120361,,NAD 83,(1996),,ADJUSTED,213.0,NAVD 88,,VERTCON3,-28.377,GEOID18,,,,,,,,,2,,,,,,MA M,901700.284,173985.819,-0 12 43.7,0.99993972,19,4694185.203,268131.193,-1 53 53.9,1.00026154,A,1981,1981,MONUMENTED,MAGS,,DE = TRAVERSE STATION DISK,66 = SET IN ROCK OUTCROP,
,20260102,http://www.ngs.noaa.gov/cgi-bin/ds_mark.prl?PidBox=MY6074,MY6074,10494,,,,MA,WORCESTER,WORCESTER NORTH (2018),42 21 26.38222(N),071 48 46.81265(W),42.3573283944,-71.8130035139,,NAD 83,(1996),,ADJUSTED,204.4,NAVD 88,,VERTCON3,-28.396,GEOID18,,,,,,,,,2,,,,,,MA M,900806.134,174213.885,-0 12 36.9,0.99994067,19,4693284.466,268332.911,-1 53 46.0,1.00026039,D,1982,1982,MONUMENTED,MAGS,,DE = TRAVERSE STATION DISK,0 = UNSPECIFIED SETTING,
,20260102,http://www.ngs.noaa.gov/cgi-bin/ds_mark.prl?PidBox=MY6075,MY6075,10495,,,,MA,WORCESTER,WORCESTER NORTH (2018),42 20 59.06598(N),071 48 35.66109(W),42.3497405500,-71.8099058583,,NAD 83,(1996),,ADJUSTED,211.1,NAVD 88,,VERTCON3,-28.415,GEOID18,,,,,,,,,2,,,,,,MA M,899962.375,174466.015,-0 12 29.4,0.99993928,19,4692433.408,268560.177,-1 53 37.5,1.00025910,C,1982,1982,MONUMENTED,MAGS,,DE = TRAVERSE STATION DISK,7 = SET IN TOP OF CONCRETE MONUMENT,
,20260102,http://www.ngs.noaa.gov/cgi-bin/ds_mark.prl?PidBox=MY6076,MY6076,10496,,,,MA,WORCESTER,WORCESTER NORTH (2018),42 20 35.54813(N),071 48 06.99757(W),42.3432078139,-71.8019437694,,NAD 83,(1996),,ADJUSTED,203.7,NAVD 88,,VERTCON3,-28.434,GEOID18,,,,,,,,,2,,,,,,MA M,899234.394,175119.462,-0 12 10.2,0.99994016,19,4691686.306,269192.113,-1 53 17.3,1.00025551,C,1982,1982,MONUMENTED,MAGS,,DE = TRAVERSE STATION DISK,7 = SET IN TOP OF CONCRETE MONUMENT,
,20260102,http://www.ngs.noaa.gov/cgi-bin/ds_mark.prl?PidBox=MY6077,MY6077,10497,,,,MA,WORCESTER,WORCESTER NORTH (2018),42 20 11.99217(N),071 47 51.24638(W),42.3366644917,-71.7975684389,,NAD 83,(1996),,ADJUSTED,207.5,NAVD 88,,VERTCON3,-28.451,GEOID18,,,,,,,,,2,,,,,,MA M,898506.323,175477.457,-0 11 59.6,0.99993928,19,4690947.811,269528.639,-1 53 05.8,1.00025360,D,1982,1982,MONUMENTED,MAGS,,DE = TRAVERSE STATION DISK,0 = UNSPECIFIED SETTING,
,20260102,http://www.ngs.noaa.gov/cgi-bin/ds_mark.prl?PidBox=MY6078,MY6078,10498,,,,MA,WORCESTER,WORCESTER NORTH (2018),42 19 44.33176(N),071 48 14.26587(W),42.3289810444,-71.8039627417,,NAD 83,(1996),,ADJUSTED,222.4,NAVD 88,,VERTCON3,-28.467,GEOID18,,,,,,,,,2,,,,,,MA M,897654.740,174947.465,-0 12 15.0,0.99993663,19,4690111.938,268973.677,-1 53 20.3,1.00025675,A,1982,1982,MONUMENTED,MAGS,,DE = TRAVERSE STATION DISK,66 = SET IN ROCK OUTCROP,
,20260102,http://www.ngs.noaa.gov/cgi-bin/ds_mark.prl?PidBox=MY6079,MY6079,10499,,,,MA,WORCESTER,WORCESTER NORTH (2018),42 19 27.58575(N),071 48 15.48606(W),42.3243293750,-71.8043016833,,NAD 83,(1996),,ADJUSTED,214.4,NAVD 88,,VERTCON3,-28.479,GEOID18,,,,,,,,,2,,,,,,MA M,897138.154,174917.686,-0 12 15.9,0.99993772,19,4689596.302,268928.710,-1 53 20.6,1.00025701,C,1982,1982,MONUMENTED,MAGS,,DE = TRAVERSE STATION DISK,7 = SET IN TOP OF CONCRETE MONUMENT,
,20260102,http://www.ngs.noaa.gov/cgi-bin/ds_mark.prl?PidBox=MZ0114,MZ0114,105.18,,,,MA,HAMPDEN,WEST SPRINGFIELD (2018),42 06 29.     (N),072 42 13.     (W),42.1080555556,-72.7036111111,,NAD 83,(1986),,SCALED,40.415,NAVD 88,,ADJUSTED,-28.913,GEOID18,40.404,980348.0,,,,,,,,1,2,,,,MA M,873770.,100460.,,,,,,,,B,UNK,1945,GOOD,PCRR,,Q = CHISELED SQUARE,36 = SET IN A MASSIVE STRUCTURE,
,20260102,http://www.ngs.noaa.gov/cgi-bin/ds_mark.prl?PidBox=LW0037,LW0037,105.2,,,,MA,DUKES,SQUIBNOCKET (2018),41 20 19.     (N),070 45 03.     (W),41.3386111111,-70.7508333333,,NAD 83,(1986),,SCALED,32.077,LMSL,,ADJ UNCH,-29.270,GEOID18,,,,,,,,,,2,0,,,,MA I,37640.,479010.,,,,,,,,C,UNK,1958,GOOD,CGS,,Q = CHISELED SQUARE,80 = SET IN A BOULDER,
,20260102,http://www.ngs.noaa.gov/cgi-bin/ds_mark.prl?PidBox=MY0377,MY0377,107,,,,MA,ESSEX,HAVERHILL (2018),42 46 19.     (N),071 04 47.     (W),42.7719444444,-71.0797222222,,NAD 83,(1986),,SCALED,7.727,NAVD 88,,POSTED,-27.261,GEOID18,7.73,980406.9,,,,,,,,,,,,,MA M,946900.,234400.,,,,,,,,C,UNK,1990,GOOD,USPSQD,,Z = SEE DESCRIPTION,7 = SET IN TOP OF CONCRETE MONUMENT,USE 107
,20260102,http://www.ngs.noaa.gov/cgi-bin/ds_mark.prl?PidBox=MY2331,MY2331,10916,,,,MA,NORFOLK,BLUE HILLS (2018),42 12 13.41980(N),071 06 11.94365(W),42.2037277222,-71.1033176806,,NAD 83,(1996),,ADJUSTED,57.2,NAVD 88,,VERTCON3,-28.205,GEOID18,,,,,,,,,2,,,,,,MA M,883773.812,232759.113,+0 15 59.3,0.99996001,19,4674537.803,326361.088,-1 24 47.9,0.99997099,A,1982,1982,GOOD,MAGS,,DD = SURVEY DISK,66 = SET IN ROCK OUTCROP,10916
,20260102,http://www.ngs.noaa.gov/cgi-bin/ds_mark.prl?PidBox=MY5392,MY5392,10917,,,,MA,NORFOLK,BLUE HILLS (2018),42 12 09.38622(N),071 07 13.68304(W),42.2026072833,-71.1204675111,,NAD 83,(1996),,ADJUSTED,65.56,NAVD 88,,VERTCON3,-28.232,GEOID18,,,,,,,,,2,,,,,,MA M,883642.918,231343.396,+0 15 17.8,0.99995870,19,4674448.464,324942.129,-1 25 29.3,0.99997708,C,1982,1982,MONUMENTED,MAGS,,DD = SURVEY DISK,7 = SET IN TOP OF CONCRETE MONUMENT,10917
,20260102,http://www.ngs.noaa.gov/cgi-bin/ds_mark.prl?PidBox=MY5393,MY5393,10918,,,,MA,NORFOLK,NORWOOD (2018),42 12 17.23632(N),071 08 32.89583(W),42.2047878667,-71.1424710639,,NAD 83,(1996),,ADJUSTED,22.99,NAVD 88,,VERTCON3,-28.261,GEOID18,,,,,,,,,2,,,,,,MA M,883877.269,229525.246,+0 14 24.6,0.99996538,19,4674736.015,323131.600,-1 26 22.7,0.99998492,C,1982,20060930,GOOD,GEOCAC,,DD = SURVEY DISK,7 = SET IN TOP OF CONCRETE MONUMENT,10918
,20260102,http://www.ngs.noaa.gov/cgi-bin/ds_mark.prl?PidBox=MY5394,MY5394,10919,,,,MA,NORFOLK,NORWOOD (2018),42 12 49.03283(N),071 09 01.10791(W),42.2136202306,-71.1503077528,,NAD 83,(1996),,ADJUSTED,19.60,NAVD 88,,VERTCON3,-28.252,GEOID18,,,,,,,,,2,,,,,,MA M,884855.619,228874.062,+0 14 05.6,0.99996594,19,4675733.056,322509.364,-1 26 42.6,0.99998763,C,1982,1982,MONUMENTED,MAGS,,DD = SURVEY DISK,7 = SET IN TOP OF CONCRETE MONUMENT,10919
,20260102,http://www.ngs.noaa.gov/cgi-bin/ds_mark.prl?PidBox=MY5395,MY5395,10920,,,,MA,NORFOLK,NORWOOD (2018),42 13 15.28400(N),071 09 50.37177(W),42.2209122222,-71.1639921583,,NAD 83,(1996),,ADJUSTED,40.47,NAVD 88,,VERTCON3,-28.248,GEOID18,,,,,,,,,2,,,,,,MA M,885661.018,227740.957,+0 13 32.5,0.99996269,19,4676571.353,321400.333,-1 27 16.4,0.99999249,A,1982,1982,MONUMENTED,MAGS,,DD = SURVEY DISK,66 = SET IN ROCK OUTCROP,10920
,20260102,http://www.ngs.noaa.gov/cgi-bin/ds_mark.prl?PidBox=MY5397,MY5397,10922,,,,MA,NORFOLK,NORWOOD (2018),42 13 40.53631(N),071 10 54.60147(W),42.2279267528,-71.1818337417,,NAD 83,(1996),,ADJUSTED,36.85,NAVD 88,,VERTCON3,-28.248,GEOID18,,,,,,,,,2,,,,,,MA M,886434.494,226265.049,+0 12 49.4,0.99996331,19,4677387.802,319947.696,-1 28 00.3,0.99999890,C,1982,19870731,GOOD,MAGS,,DE = TRAVERSE STATION DISK,7 = SET IN TOP OF CONCRETE MONUMENT,10922
,20260102,http://www.ngs.noaa.gov/cgi-bin/ds_mark.prl?PidBox=MY5398,MY5398,10923,,,,MA,NORFOLK,NORWOOD (2018),42 14 12.44333(N),071 11 30.57978(W),42.2367898139,-71.1918277167,,NAD 83,(1996),,ADJUSTED,63.34,NAVD 88,,VERTCON3,-28.233,GEOID18,,,,,,,,,2,,,,,,MA M,887415.913,225436.480,+0 12 25.2,0.99995924,19,4678393.135,319148.237,-1 28 25.5,1.00000245,A,1982,19870731,GOOD,MAGS,,DE = TRAVERSE STATION DISK,66 = SET IN ROCK OUTCROP,10923
,20260102,http://www.ngs.noaa.gov/cgi-bin/ds_mark.prl?PidBox=MY5399,MY5399,10924,,,,MA,NORFOLK,NORWOOD (2018),42 14 40.44793(N),071 12 08.06070(W),42.2445688694,-71.2022390833,,NAD 83,(1996),,ADJUSTED,64.7,NAVD 88,,VERTCON3,-28.220,GEOID18,,,,,,,,,2,,,,,,MA M,888276.907,224574.115,+0 12 00.1,0.99995912,19,4679279.088,318311.465,-1 28 51.5,1.00000618,B,1982,20100307,GOOD,GEOCAC,N,DD = SURVEY DISK,38 = SET IN THE ABUTMENT OR PIER OF A LARGE BRIDGE,10924
,20260102,http://www.ngs.noaa.gov/cgi-bin/ds_mark.prl?PidBox=MY5400,MY5400,10925,,,,MA,NORFOLK,NORWOOD (2018),42 14 57.36364(N),071 12 26.38449(W),42.2492676778,-71.2073290250,,NAD 83,(1996),,ADJUSTED,70.27,NAVD 88,,VERTCON3,-28.213,GEOID18,,,,,,,,,2,,,,,,MA M,888797.366,224152.255,+0 11 47.7,0.99995831,19,4679811.721,317905.037,-1 29 04.3,1.00000800,C,1982,19870717,GOOD,MAGS,,DE = TRAVERSE STATION DISK,7 = SET IN TOP OF CONCRETE MONUMENT,10925
,20260102,http://www.ngs.noaa.gov/cgi-bin/ds_mark.prl?PidBox=MY5401,MY5401,10926,,,,MA,NORFOLK,NEWTON (2018),42 15 14.69214(N),071 12 32.62024(W),42.2540811500,-71.2090611778,,NAD 83,(1996),,ADJUSTED,80.5,NAVD 88,,VERTCON3,-28.202,GEOID18,,,,,,,,,2,,,,,,MA M,889331.527,224007.488,+0 11 43.6,0.99995678,19,4680349.923,317775.999,-1 29 09.0,1.00000858,A,1982,1982,MONUMENTED,MAGS,,Z = SEE DESCRIPTION,66 = SET IN ROCK OUTCROP,
,20260102,http://www.ngs.noaa.gov/cgi-bin/ds_mark.prl?PidBox=MY5402,MY5402,10927,,,,MA,NORFOLK,NEWTON (2018),42 15 30.40853(N),071 12 28.99859(W),42.2584468139,-71.2080551639,,NAD 83,(1996),,ADJUSTED,75.12,NAVD 88,,VERTCON3,-28.191,GEOID18,,,,,,,,,2,,,,,,MA M,889816.721,224088.842,+0 11 46.0,0.99995770,19,4680832.542,317871.557,-1 29 07.0,1.00000815,A,1982,19870717,GOOD,MAGS,,DE = TRAVERSE STATION DISK,66 = SET IN ROCK OUTCROP,10927
,20260102,http://www.ngs.noaa.gov/cgi-bin/ds_mark.prl?PidBox=MY5403,MY5403,10928,,,,MA,NORFOLK,NEWTON (2018),42 16 00.70437(N),071 12 14.35605(W),42.2668623250,-71.2039877917,,NAD 83,(1996),,ADJUSTED,37.02,NAVD 88,,VERTCON3,-28.167,GEOID18,,,,,,,,,2,,,,,,MA M,890752.621,224421.202,+0 11 55.8,0.99996383,19,4681758.325,318231.252,-1 28 58.0,1.00000654,B,1982,20050705,GOOD,GEOCAC,N,DD = SURVEY DISK,38 = SET IN THE ABUTMENT OR PIER OF A LARGE BRIDGE,10928
