FeatureId,DATA_DATE,DATA_SRCE,PID,NAME,HT_MOD,CORS_ID,PACS_SACS,STATE,COUNTY,QUAD,LATITUDE,LONGITUDE,DEC_LAT,DEC_LON,ELLIP_HT,POS_DATUM,DATUM_TAG,POS_EPOCH,POS_SRCE,ORTHO_HT,VERT_DATUM,VERT_EPOCH,VERT_SRCE,GEOID_HT,GEOID_MOD,DYNAMIC_HT,MODEL_GRAV,N_ACC_HZ,N_ACC_EH,N_ACC_STDN,N_ACC_STDE,N_ACC_STDH,N_ACC_CORR,POS_ORDER,VERT_ORDER,VERT_CLASS,ECEF_X,ECEF_Y,ECEF_Z,SPC_ZONE,SPC_NORTH,SPC_EAST,SPC_CONV,SPC_CSF,UTM_ZONE,UTM_NORTH,UTM_EAST,UTM_CONV,UTM_CSF,STABILITY,FIRST_RECV,LAST_RECV,LAST_COND,LAST_RECBY,SAT_USE,MARKER,SETTING,STAMPING
,20260102,http://www.ngs.noaa.gov/cgi-bin/ds_mark.prl?PidBox=PE1503,PE1503,1,,,,ME,SOMERSET,MADISON WEST (2018),44 46 11.     (N),069 52 32.     (W),44.7697222222,-69.8755555556,,NAD 83,(1986),,SCALED,61.767,NAVD 88,,ADJUSTED,-26.054,GEOID18,61.762,980539.1,,,,,,,,2,0,,,,ME W,215180.,923040.,,,,,,,,,UNK,20171004,MARK NOT FOUND,USPSQD,,,,
,20260102,http://www.ngs.noaa.gov/cgi-bin/ds_mark.prl?PidBox=QG0470,QG0470,1,,,,ME,PENOBSCOT,HOWLAND (2018),45 14 27.     (N),068 39 29.     (W),45.2408333333,-68.6580555556,,NAD 83,(1986),,SCALED,48.965,NAVD 88,,ADJUSTED,-24.545,GEOID18,48.964,980611.3,,,,,,,,2,0,,,,ME E,174920.,287590.,,,,,,,,B,1940,20120912,POOR,MEDT,,DD = SURVEY DISK,36 = SET IN A MASSIVE STRUCTURE,1 S 1940
,20260102,http://www.ngs.noaa.gov/cgi-bin/ds_mark.prl?PidBox=QF0036,QF0036,1 B,,,,ME,WASHINGTON,CALAIS (2018),45 11 16.     (N),067 16 32.     (W),45.1877777778,-67.2755555556,,NAD 83,(1986),,SCALED,16.175,NAVD 88,,ADJUSTED,-23.305,GEOID18,16.175,980621.1,,,,,,,,1,2,,,,ME E,169740.,396220.,,,,,,,,B,UNK,20050714,POOR,GEOCAC,,DD = SURVEY DISK,36 = SET IN A MASSIVE STRUCTURE,1 B GSC
,20260102,http://www.ngs.noaa.gov/cgi-bin/ds_mark.prl?PidBox=RF0639,RF0639,1 JHS,,,,ME,AROOSTOOK,CLAYTON LAKE (2018),46 37 26.     (N),069 31 21.     (W),46.6238888889,-69.5225000000,,NAD 83,(1986),,SCALED,349.813,NAVD 88,,ADJUSTED,-25.778,GEOID18,349.827,980642.5,,,,,,,,2,2,,,,ME E,329130.,221700.,,,,,,,,D,1984,1984,MONUMENTED,USGS,,DD = SURVEY DISK,15 = METAL ROD DRIVEN INTO GROUND. SEE TEXT FOR ADDITIONAL INFORMATION.,1 JHS 1984
,20260102,http://www.ngs.noaa.gov/cgi-bin/ds_mark.prl?PidBox=RF0599,RF0599,1 JHS USGS,,,,ME,AROOSTOOK,BIG MACHIAS LAKE (2018),46 41 31.     (N),068 48 59.     (W),46.6919444444,-68.8163888889,,NAD 83,(1986),,SCALED,303.147,NAVD 88,,ADJUSTED,-24.322,GEOID18,303.172,980688.0,,,,,,,,2,2,,,,ME E,336230.,275800.,,,,,,,,C,1983,1983,MONUMENTED,USGS,,DB = BENCH MARK DISK,80 = SET IN A BOULDER,1 JHS 1983
,20260102,http://www.ngs.noaa.gov/cgi-bin/ds_mark.prl?PidBox=OB0139,OB0139,1 M,,,,ME,SAGADAHOC,BATH (2018),43 53 18.     (N),069 47 21.     (W),43.8883333333,-69.7891666667,,NAD 83,(1986),,SCALED,20.964,NAVD 88,,ADJUSTED,-25.730,GEOID18,20.962,980524.4,,,,,,,,2,0,,,,ME W,117280.,930330.,,,,,,,,A,1941,19910412,MARK NOT FOUND,USPSQD,,DD = SURVEY DISK,66 = SET IN ROCK OUTCROP,1 M 1941 69
,20260102,http://www.ngs.noaa.gov/cgi-bin/ds_mark.prl?PidBox=OC0025,OC0025,10 C OF P,,,,ME,CUMBERLAND,PORTLAND WEST (2018),43 40 47.     (N),070 17 21.     (W),43.6797222222,-70.2891666667,,NAD 83,(1986),,SCALED,27.024,NAVD 88,,ADJUSTED,-26.203,GEOID18,27.021,980496.4,,,,,,,,1,1,,,,ME W,94040.,890120.,,,,,,,,C,UNK,1990,MARK NOT FOUND,USPSQD,,B = BOLT,7 = SET IN TOP OF CONCRETE MONUMENT,
,20260102,http://www.ngs.noaa.gov/cgi-bin/ds_mark.prl?PidBox=RF0648,RF0648,10 JHS,,,,ME,AROOSTOOK,CUNLIFFE LAKE (2018),46 43 51.     (N),069 29 48.     (W),46.7308333333,-69.4966666667,,NAD 83,(1986),,SCALED,273.172,NAVD 88,,ADJUSTED,-25.866,GEOID18,273.186,980659.2,,,,,,,,2,2,,,,ME E,340990.,223830.,,,,,,,,D,1984,1984,MONUMENTED,USGS-M,,DD = SURVEY DISK,15 = METAL ROD DRIVEN INTO GROUND. SEE TEXT FOR ADDITIONAL INFORMATION.,10 JHS 1984
,20260102,http://www.ngs.noaa.gov/cgi-bin/ds_mark.prl?PidBox=RF0608,RF0608,10 JHS USGS,,,,ME,AROOSTOOK,FISH RIVER LAKE SW (2018),46 45 04.     (N),068 58 13.     (W),46.7511111111,-68.9702777778,,NAD 83,(1986),,SCALED,438.255,NAVD 88,,ADJUSTED,-24.632,GEOID18,438.277,980650.9,,,,,,,,2,2,,,,ME E,342870.,264070.,,,,,,,,B,1983,1983,MONUMENTED,USGS-M,,DB = BENCH MARK DISK,46 = COPPER-CLAD STEEL ROD W/O SLEEVE (10 FT.+),10 JHS 1983
,20260102,http://www.ngs.noaa.gov/cgi-bin/ds_mark.prl?PidBox=OC1155,OC1155,100,,,,ME,CUMBERLAND,PORTLAND WEST (2018),43 38 41.     (N),070 17 28.     (W),43.6447222222,-70.2911111111,,NAD 83,(1986),,SCALED,5.533,NAVD 88,,ADJUSTED,-26.167,GEOID18,5.532,980499.2,,,,,,,,2,1,,,,ME W,90150.,889960.,,,,,,,,B,1971,20061127,GOOD,USPSQD,N,DD = SURVEY DISK,36 = SET IN A MASSIVE STRUCTURE,100 3-9-71
,20260102,http://www.ngs.noaa.gov/cgi-bin/ds_mark.prl?PidBox=OC1153,OC1153,100 E,,,,ME,CUMBERLAND,PORTLAND WEST (2018),43 38 41.     (N),070 17 28.     (W),43.6447222222,-70.2911111111,,NAD 83,(1986),,SCALED,8.460,NAVD 88,,ADJUSTED,-26.167,GEOID18,8.459,980499.2,,,,,,,,2,1,,,,ME W,90150.,889960.,,,,,,,,B,1973,19910226,GOOD,USPSQD,,DD = SURVEY DISK,36 = SET IN A MASSIVE STRUCTURE,100 E 3-9-73
,20260102,http://www.ngs.noaa.gov/cgi-bin/ds_mark.prl?PidBox=OC1154,OC1154,100 W,,,,ME,CUMBERLAND,PORTLAND WEST (2018),43 38 41.     (N),070 17 28.     (W),43.6447222222,-70.2911111111,,NAD 83,(1986),,SCALED,8.470,NAVD 88,,ADJUSTED,-26.167,GEOID18,8.468,980499.2,,,,,,,,2,1,,,,ME W,90150.,889960.,,,,,,,,B,1973,20061127,GOOD,USPSQD,Y,DD = SURVEY DISK,36 = SET IN A MASSIVE STRUCTURE,100 W 3-9-73
,20260102,http://www.ngs.noaa.gov/cgi-bin/ds_mark.prl?PidBox=PF0040,PF0040,1018.9,,,,ME,FRANKLIN,REDINGTON (2018),44 53 47.     (N),070 23 50.     (W),44.8963888889,-70.3972222222,,NAD 83,(1986),,SCALED,310.549,NAVD 88,,ADJUSTED,-25.680,GEOID18,310.514,980494.1,,,,,,,,2,0,,,,ME W,229240.,881790.,,,,,,,,A,UNK,1934,GOOD,CGS,,H = DRILL HOLE,66 = SET IN ROCK OUTCROP,
,20260102,http://www.ngs.noaa.gov/cgi-bin/ds_mark.prl?PidBox=OC0337,OC0337,102,,,,ME,YORK,DOVER EAST (2018),43 13 51.     (N),070 48 33.     (W),43.2308333333,-70.8091666667,,NAD 83,(1986),,SCALED,30.600,NAVD 88,,ADJUSTED,-26.736,GEOID18,30.595,980447.5,,,,,,,,1,1,,,,ME W,44360.,847810.,,,,,,,,D,UNK,1988,GOOD,USPSQD,,DD = SURVEY DISK,9 = POST (STONE OR PRECAST CONCRETE),102
,20260102,http://www.ngs.noaa.gov/cgi-bin/ds_mark.prl?PidBox=PE0905,PE0905,102,,,,ME,WALDO,BELFAST (2018),44 25 34.4    (N),069 00 29.9    (W),44.4262222222,-69.0083055556,,NAD 83,(1986),,HD_HELD2,31.042,NAVD 88,,ADJUSTED,-25.165,GEOID18,31.039,980542.3,,,,,,,,2,0,,,,ME E,84514.,259528.,,,,,,,,B,1904,20180910,GOOD,GEOCAC,N,DB = BENCH MARK DISK,36 = SET IN A MASSIVE STRUCTURE,102.605 AUGUSTA MAINE
,20260102,http://www.ngs.noaa.gov/cgi-bin/ds_mark.prl?PidBox=QG0856,QG0856,1028,,,,ME,PISCATAQUIS,MOOSEHEAD (2018),45 35 03.     (N),069 43 02.     (W),45.5841666667,-69.7172222222,,NAD 83,(1986),,SCALED,313.268,NAVD 88,,ADJUSTED,-24.826,GEOID18,313.260,980582.6,,,,,,,,1,2,,,,ME E,213780.,205020.,,,,,,,,B,1904,1978,GOOD,NGS,,DD = SURVEY DISK,36 = SET IN A MASSIVE STRUCTURE,1028.374
,20260102,http://www.ngs.noaa.gov/cgi-bin/ds_mark.prl?PidBox=QG0854,QG0854,1028,,,,ME,SOMERSET,INDIAN POND NORTH (2018),45 36 26.     (N),069 47 50.     (W),45.6072222222,-69.7972222222,,NAD 83,(1986),,SCALED,313.269,NAVD 88,,ADJUSTED,-24.937,GEOID18,313.260,980577.0,,,,,,,,2,0,,,,ME W,308280.,928820.,,,,,,,,B,1904,1977,MARK NOT FOUND,LOCENG,,DB = BENCH MARK DISK,36 = SET IN A MASSIVE STRUCTURE,1026 AUGUSTA
,20260102,http://www.ngs.noaa.gov/cgi-bin/ds_mark.prl?PidBox=PF0210,PF0210,1041,,,,ME,OXFORD,SPECKLED MOUNTAIN (2018),44 19 14.2    (N),070 58 15.4    (W),44.3206111111,-70.9709444444,,NAD 83,(1986),,HD_HELD2,317.10,NAVD 88,,VERTCON3,-26.761,GEOID18,,,,,,,,,,,,,,,ME W,165552.,835842.,,,,,,,,A,1908,20180615,SEE DESCRIPTION,PROFLN,,DB = BENCH MARK DISK,66 = SET IN ROCK OUTCROP,1041 ME
,20260102,http://www.ngs.noaa.gov/cgi-bin/ds_mark.prl?PidBox=PF0209,PF0209,1078.2,,,,ME,OXFORD,SPECKLED MOUNTAIN (2018),44 18 58.     (N),070 58 11.     (W),44.3161111111,-70.9697222222,,NAD 83,(1986),,SCALED,328.52,NAVD 88,,VERTCON3,-26.768,GEOID18,,,,,,,,,,,,,,,ME W,165050.,835940.,,,,,,,,B,UNK,20041001,GOOD,GEOCAC,N,N = NAIL,36 = SET IN A MASSIVE STRUCTURE,
,20260102,http://www.ngs.noaa.gov/cgi-bin/ds_mark.prl?PidBox=PE0516,PE0516,108,,,,ME,PENOBSCOT,OLD TOWN (2018),44 56 04.5    (N),068 38 22.4    (W),44.9345833333,-68.6395555556,,NAD 83,(1986),,HD_HELD2,32.806,NAVD 88,,ADJUSTED,-24.624,GEOID18,32.805,980594.3,,,,,,,,2,0,,,,ME E,140884.,288985.,,,,,,,,B,1900,20120511,GOOD,GEOCAC,,DB = BENCH MARK DISK,36 = SET IN A MASSIVE STRUCTURE,108 BANGOR
,20260102,http://www.ngs.noaa.gov/cgi-bin/ds_mark.prl?PidBox=PE0865,PE0865,108,,,,ME,LINCOLN,WALDOBORO WEST (2018),44 06 21.     (N),069 23 01.     (W),44.1058333333,-69.3836111111,,NAD 83,(1986),,SCALED,32.786,NAVD 88,,ADJUSTED,-25.493,GEOID18,32.782,980515.7,,,,,,,,2,0,,,,ME W,141670.,962690.,,,,,,,,A,1913,1990,MARK NOT FOUND,USPSQD,,DD = SURVEY DISK,66 = SET IN ROCK OUTCROP,108.248 1913
,20260102,http://www.ngs.noaa.gov/cgi-bin/ds_mark.prl?PidBox=PF0041,PF0041,1090.6,,,,ME,FRANKLIN,REDINGTON (2018),44 54 26.     (N),070 23 54.     (W),44.9072222222,-70.3983333333,,NAD 83,(1986),,SCALED,332.493,NAVD 88,,ADJUSTED,-25.636,GEOID18,332.455,980491.7,,,,,,,,2,0,,,,ME W,230450.,881710.,,,,,,,,C,UNK,1934,GOOD,CGS,,H = DRILL HOLE,80 = SET IN A BOULDER,
,20260102,http://www.ngs.noaa.gov/cgi-bin/ds_mark.prl?PidBox=PD0437,PD0437,11,,,,ME,WASHINGTON,JONESPORT (2018),44 32 59.     (N),067 37 10.     (W),44.5497222222,-67.6194444444,,NAD 83,(1986),,SCALED,3.100,NAVD 88,,ADJUSTED,-23.042,GEOID18,3.100,980599.7,,,,,,,,2,0,,,,ME E,98490.,369960.,,,,,,,,C,1917,1962,GOOD,CGS,,DD = SURVEY DISK,32 = SET IN A RETAINING WALL OR CONCRETE LEDGE,11 ME 1917
,20260102,http://www.ngs.noaa.gov/cgi-bin/ds_mark.prl?PidBox=RF0649,RF0649,11 JHS,,,,ME,AROOSTOOK,CUNLIFFE LAKE (2018),46 44 43.     (N),069 29 16.     (W),46.7452777778,-69.4877777778,,NAD 83,(1986),,SCALED,367.387,NAVD 88,,ADJUSTED,-25.857,GEOID18,367.408,980661.9,,,,,,,,2,2,,,,ME E,342580.,224530.,,,,,,,,D,1984,1984,MONUMENTED,USGS-M,,DD = SURVEY DISK,15 = METAL ROD DRIVEN INTO GROUND. SEE TEXT FOR ADDITIONAL INFORMATION.,11 JHS 1984
,20260102,http://www.ngs.noaa.gov/cgi-bin/ds_mark.prl?PidBox=RF0609,RF0609,11 JHS USGS,,,,ME,AROOSTOOK,FISH RIVER LAKE SW (2018),46 45 47.     (N),068 58 51.     (W),46.7630555556,-68.9808333333,,NAD 83,(1986),,SCALED,498.199,NAVD 88,,ADJUSTED,-24.670,GEOID18,498.225,980650.6,,,,,,,,2,2,,,,ME E,344200.,263270.,,,,,,,,A,1983,1983,MONUMENTED,USGS-M,,DB = BENCH MARK DISK,66 = SET IN ROCK OUTCROP,11 JHS 1983
,20260102,http://www.ngs.noaa.gov/cgi-bin/ds_mark.prl?PidBox=OB0219,OB0219,11 M 9,,,,ME,SAGADAHOC,SMALL POINT (2018),43 44 24.2    (N),069 48 27.1    (W),43.7400555556,-69.8075277778,,NAD 83,(1986),,HD_HELD2,2.590,NAVD 88,,ADJUSTED,-25.681,GEOID18,2.590,980519.1,,,,,,,,2,0,,,,ME W,100795.,928930.,,,,,,,,A,1941,20230806,GOOD,USPSQD,,DB = BENCH MARK DISK,66 = SET IN ROCK OUTCROP,11 M 1941 9
,20260102,http://www.ngs.noaa.gov/cgi-bin/ds_mark.prl?PidBox=SF0136,SF0136,11 R,,,,ME,AROOSTOOK,SAINT FRANCIS (2018),47 10 43.     (N),068 52 54.     (W),47.1786111111,-68.8816666667,,NAD 83,(1986),,SCALED,174.373,NAVD 88,,ADJUSTED,-24.986,GEOID18,174.393,980728.1,,,,,,,,2,2,,,,ME E,390350.,271070.,,,,,,,,D,1929,1983,GOOD,USGS-M,,DB = BENCH MARK DISK,31 = SET IN A PAVEMENT SUCH AS STREET SIDEWALK CURB ETC.,11 R 1929
,20260102,http://www.ngs.noaa.gov/cgi-bin/ds_mark.prl?PidBox=PE0135,PE0135,115,,,,ME,HANCOCK,ELLSWORTH (2018),44 35 29.     (N),068 26 26.     (W),44.5913888889,-68.4405555556,,NAD 83,(1986),,SCALED,34.98,NAVD 88,,VERTCON3,-24.607,GEOID18,,,,,,,,,,,,,,,ME E,102740.,304720.,,,,,,,,D,UNK,1987,POOR,USPSQD,,Z = SEE DESCRIPTION,30 = SET IN A LIGHT STRUCTURE,
,20260102,http://www.ngs.noaa.gov/cgi-bin/ds_mark.prl?PidBox=QG0270,QG0270,115,,,,ME,PENOBSCOT,GREENBUSH (2018),45 00 49.     (N),068 38 17.     (W),45.0136111111,-68.6380555556,,NAD 83,(1986),,SCALED,34.884,NAVD 88,,ADJUSTED,-24.558,GEOID18,34.883,980601.1,,,,,,,,2,0,,,,ME E,149670.,289120.,,,,,,,,B,1904,1989,GOOD,USPSQD,,DB = BENCH MARK DISK,36 = SET IN A MASSIVE STRUCTURE,115 BANGOR
,20260102,http://www.ngs.noaa.gov/cgi-bin/ds_mark.prl?PidBox=PE0518,PE0518,115.38,,,,ME,PENOBSCOT,OLD TOWN (2018),44 54 03.6    (N),068 40 16.5    (W),44.9010000000,-68.6712500000,,NAD 83,(1986),,HD_HELD2,35.060,NAVD 88,,ADJUSTED,-24.682,GEOID18,35.059,980591.6,,,,,,,,2,0,,,,ME E,137157.,286476.,,,,,,,,B,UNK,20060602,GOOD,GEOCAC,N,DB = BENCH MARK DISK,36 = SET IN A MASSIVE STRUCTURE,115.381 BANGOR JWE 89 EID 01
,20260102,http://www.ngs.noaa.gov/cgi-bin/ds_mark.prl?PidBox=PD0464,PD0464,117,,,,ME,WASHINGTON,JONESPORT (2018),44 37 16.     (N),067 36 18.     (W),44.6211111111,-67.6050000000,,NAD 83,(1986),,SCALED,35.490,NAVD 88,,ADJUSTED,-23.120,GEOID18,35.489,980586.6,,,,,,,,2,0,,,,ME E,106430.,371020.,,,,,,,,C,UNK,1962,GOOD,CGS,,DD = SURVEY DISK,80 = SET IN A BOULDER,117
,20260102,http://www.ngs.noaa.gov/cgi-bin/ds_mark.prl?PidBox=QH0007,QH0007,1171,,,,ME,SOMERSET,ATTEAN POND (2018),45 35 48.     (N),070 15 22.     (W),45.5966666667,-70.2561111111,,NAD 83,(1986),,SCALED,356.68,NAVD 88,,VERTCON3,-25.499,GEOID18,,,,,,,,,,,,,,,ME W,307050.,893020.,,,,,,,,B,1905,1978,MARK NOT FOUND,NGS,,DD = SURVEY DISK,36 = SET IN A MASSIVE STRUCTURE,1170.710
,20260102,http://www.ngs.noaa.gov/cgi-bin/ds_mark.prl?PidBox=PF0256,PF0256,1176.9,,,,ME,FRANKLIN,HOUGHTON (2018),44 46 33.     (N),070 40 03.     (W),44.7758333333,-70.6675000000,,NAD 83,(1986),,SCALED,359.00,NAVD 88,,VERTCON3,-25.929,GEOID18,,,,,,,,,,,,,,,ME W,215940.,860360.,,,,,,,,C,UNK,1934,GOOD,CGS,,H = DRILL HOLE,80 = SET IN A BOULDER,
,20260102,http://www.ngs.noaa.gov/cgi-bin/ds_mark.prl?PidBox=OC0513,OC0513,12,,,,ME,YORK,KITTERY (2018),43 04 52.     (N),070 44 21.     (W),43.0811111111,-70.7391666667,,NAD 83,(1986),,SCALED,5.758,NAVD 88,,ADJUSTED,-26.616,GEOID18,5.757,980459.4,,,,,,,,2,0,,,,ME W,27680.,853380.,,,,,,,,D,UNK,19891127,GOOD,USPSQD,,Q = CHISELED SQUARE,30 = SET IN A LIGHT STRUCTURE,
,20260102,http://www.ngs.noaa.gov/cgi-bin/ds_mark.prl?PidBox=OC0027,OC0027,12 C OF P,,,,ME,CUMBERLAND,PORTLAND WEST (2018),43 41 19.     (N),070 17 38.     (W),43.6886111111,-70.2938888889,,NAD 83,(1986),,SCALED,32.808,NAVD 88,,ADJUSTED,-26.219,GEOID18,32.804,980495.2,,,,,,,,1,1,,,,ME W,95020.,889740.,,,,,,,,C,UNK,20060530,MARK NOT FOUND,USPSQD,,B = BOLT,7 = SET IN TOP OF CONCRETE MONUMENT,
,20260102,http://www.ngs.noaa.gov/cgi-bin/ds_mark.prl?PidBox=RF0650,RF0650,12 JHS,,,,ME,AROOSTOOK,BLUE BROOK (2018),46 45 06.     (N),069 28 46.     (W),46.7516666667,-69.4794444444,,NAD 83,(1986),,SCALED,387.731,NAVD 88,,ADJUSTED,-25.844,GEOID18,387.755,980663.3,,,,,,,,2,2,,,,ME E,343290.,225170.,,,,,,,,D,1984,1984,MONUMENTED,USGS-M,,DD = SURVEY DISK,15 = METAL ROD DRIVEN INTO GROUND. SEE TEXT FOR ADDITIONAL INFORMATION.,12 JHS 1984
,20260102,http://www.ngs.noaa.gov/cgi-bin/ds_mark.prl?PidBox=RF0610,RF0610,12 JHS USGS,,,,ME,AROOSTOOK,FISH RIVER LAKE SW (2018),46 46 00.     (N),068 59 50.     (W),46.7666666667,-68.9972222222,,NAD 83,(1986),,SCALED,475.682,NAVD 88,,ADJUSTED,-24.717,GEOID18,475.708,980652.7,,,,,,,,2,2,,,,ME E,344610.,262020.,,,,,,,,B,1983,1983,MONUMENTED,USGS-M,,DB = BENCH MARK DISK,46 = COPPER-CLAD STEEL ROD W/O SLEEVE (10 FT.+),12 JHS 1983
,20260102,http://www.ngs.noaa.gov/cgi-bin/ds_mark.prl?PidBox=OB0222,OB0222,12 M 15,,,,ME,SAGADAHOC,PHIPPSBURG (2018),43 45 12.     (N),069 47 02.     (W),43.7533333333,-69.7838888889,,NAD 83,(1986),,SCALED,4.553,NAVD 88,,ADJUSTED,-25.666,GEOID18,4.552,980520.4,,,,,,,,2,0,,,,ME W,102280.,930830.,,,,,,,,A,1941,20020913,MARK NOT FOUND,USPSQD,,DB = BENCH MARK DISK,66 = SET IN ROCK OUTCROP,12 M 1941 15
,20260102,http://www.ngs.noaa.gov/cgi-bin/ds_mark.prl?PidBox=PE1104,PE1104,12 RAK,,,,ME,LINCOLN,WALDOBORO WEST (2018),44 04 14.     (N),069 24 00.     (W),44.0705555556,-69.4000000000,,NAD 83,(1986),,SCALED,41.864,NAVD 88,,ADJUSTED,-25.488,GEOID18,41.860,980518.6,,,,,,,,2,0,,,,ME W,137740.,961420.,,,,,,,,C,1963,20020726,GOOD,USPSQD,,DD = SURVEY DISK,35 = SET IN A MAT FOUNDATION OR CONCRETE SLAB OTHER THAN PAVEMENT,12 RAK 1963
,20260102,http://www.ngs.noaa.gov/cgi-bin/ds_mark.prl?PidBox=OB0229,OB0229,12.3,,,,ME,CUMBERLAND,ORRS ISLAND (2018),43 52 23.     (N),069 54 46.     (W),43.8730555556,-69.9127777778,,NAD 83,(1986),,SCALED,3.600,NAVD 88,,ADJUSTED,-25.844,GEOID18,3.600,980523.1,,,,,,,,2,0,,,,ME W,115540.,920410.,,,,,,,,D,UNK,1943,GOOD,CGS,,N = NAIL,33 = WOODEN OBJECT (DRIVEN IN A PILE POLE TREE OR STUMP),
,20260102,http://www.ngs.noaa.gov/cgi-bin/ds_mark.prl?PidBox=PE0862,PE0862,120,,,,ME,LINCOLN,WALDOBORO WEST (2018),44 06 41.     (N),069 27 14.     (W),44.1113888889,-69.4538888889,,NAD 83,(1986),,SCALED,36.275,NAVD 88,,ADJUSTED,-25.554,GEOID18,36.271,980511.9,,,,,,,,2,0,,,,ME W,142240.,957060.,,,,,,,,A,1913,20061006,GOOD,USPSQD,Y,DD = SURVEY DISK,66 = SET IN ROCK OUTCROP,119.691 MAINE
,20260102,http://www.ngs.noaa.gov/cgi-bin/ds_mark.prl?PidBox=PE0050,PE0050,121 USGS,,,,ME,HANCOCK,HANCOCK (2018),44 35 22.     (N),068 18 46.     (W),44.5894444444,-68.3127777778,,NAD 83,(1986),,SCALED,36.920,NAVD 88,,ADJUSTED,-24.399,GEOID18,36.918,980565.0,,,,,,,,1,1,,,,ME E,102540.,314870.,,,,,,,,B,1908,20221029,GOOD,HORIZN,N,DD = SURVEY DISK,36 = SET IN A MASSIVE STRUCTURE,121.870
,20260102,http://www.ngs.noaa.gov/cgi-bin/ds_mark.prl?PidBox=PD0475,PD0475,122,,,,ME,WASHINGTON,WHITNEYVILLE (2018),44 39 19.76029(N),067 31 11.84646(W),44.6554889694,-67.5199573500,,NAD 83,(1996),,ADJUSTED,36.718,NAVD 88,,ADJUSTED,-23.012,GEOID18,36.717,980586.1,,,,,,,2,2,0,,,,ME E,110329.632,377727.203,+0 41 19.9,0.99997212,19,4945746.121,617347.095,+1 02 25.3,0.99976934,C,1917,1962,GOOD,CGS,,DD = SURVEY DISK,80 = SET IN A BOULDER,122 ME 1917
,20260102,http://www.ngs.noaa.gov/cgi-bin/ds_mark.prl?PidBox=QG0272,QG0272,122,,,,ME,PENOBSCOT,GREENBUSH (2018),45 03 32.     (N),068 38 50.     (W),45.0588888889,-68.6472222222,,NAD 83,(1986),,SCALED,37.227,NAVD 88,,ADJUSTED,-24.542,GEOID18,37.227,980607.4,,,,,,,,2,0,,,,ME E,154700.,288410.,,,,,,,,D,1904,1935,GOOD,CGS,,DB = BENCH MARK DISK,9 = POST (STONE OR PRECAST CONCRETE),122
,20260102,http://www.ngs.noaa.gov/cgi-bin/ds_mark.prl?PidBox=QG0414,QG0414,127,,,,ME,PENOBSCOT,GREENBUSH (2018),45 03 15.     (N),068 40 21.     (W),45.0541666667,-68.6725000000,,NAD 83,(1986),,SCALED,38.258,NAVD 88,,ADJUSTED,-24.566,GEOID18,38.258,980609.2,,,,,,,,2,0,,,,ME E,154180.,286410.,,,,,,,,A,UNK,1988,MARK NOT FOUND,USPSQD,,DB = BENCH MARK DISK,66 = SET IN ROCK OUTCROP,MAINE 127
,20260102,http://www.ngs.noaa.gov/cgi-bin/ds_mark.prl?PidBox=AB2645,AB2645,1273M 9 92,,,SACS,ME,AROOSTOOK,NEW SWEDEN (2018),46 52 50.74747(N),068 01 06.47234(W),46.8807631861,-68.0184645389,167.388,NAD 83,(2011),2010.00,ADJUSTED,190.73,NAVD 88,,GPS OBS,-23.395,GEOID18,,,1.18,2.53,0.56,0.35,1.29,0.10474634,,,,1634784.401,-4049990.646,4632836.648,ME E,357282.306,336701.359,+0 21 05.4,0.99989031,19,5192381.506,574787.413,+0 42 59.4,0.99966874,C,1992,19960629,GOOD,NGS,Y,DQ = CALIBRATION BASE LINE DISK,7 = SET IN TOP OF CONCRETE MONUMENT,9-92 1273M
,20260102,http://www.ngs.noaa.gov/cgi-bin/ds_mark.prl?PidBox=PF0255,PF0255,1274.2,,,,ME,FRANKLIN,HOUGHTON (2018),44 46 49.     (N),070 41 01.     (W),44.7802777778,-70.6836111111,,NAD 83,(1986),,SCALED,388.673,NAVD 88,,ADJUSTED,-25.924,GEOID18,388.611,980447.0,,,,,,,,2,0,,,,ME W,216450.,859090.,,,,,,,,C,UNK,1934,GOOD,CGS,,H = DRILL HOLE,32 = SET IN A RETAINING WALL OR CONCRETE LEDGE,
,20260102,http://www.ngs.noaa.gov/cgi-bin/ds_mark.prl?PidBox=QG1322,QG1322,1275,,,,ME,PISCATAQUIS,FARRAR MOUNTAIN (2018),45 40 26.31365(N),069 19 21.42104(W),45.6739760139,-69.3226169556,,NAD 83,(1996),,ADJUSTED,388.53,NAVD 88,,VERTCON3,-24.198,GEOID18,,,,,,,,,2,,,,,,ME E,223369.762,235910.616,-0 35 18.6,0.99989337,19,5057875.637,474872.714,-0 13 50.9,0.99960776,C,1950,1955,GOOD,CGS,,DB = BENCH MARK DISK,80 = SET IN A BOULDER,1275 3W SM 1950
,20260102,http://www.ngs.noaa.gov/cgi-bin/ds_mark.prl?PidBox=PD0326,PD0326,129,,,,ME,WASHINGTON,WHITNEYVILLE (2018),44 42 30.     (N),067 34 48.     (W),44.7083333333,-67.5800000000,,NAD 83,(1986),,SCALED,39.193,NAVD 88,,ADJUSTED,-23.226,GEOID18,39.192,980583.5,,,,,,,,1,1,,,,ME E,116150.,372900.,,,,,,,,C,1917,1978,GOOD,DMA,,DB = BENCH MARK DISK,32 = SET IN A RETAINING WALL OR CONCRETE LEDGE,129.403 ME 1917
,20260102,http://www.ngs.noaa.gov/cgi-bin/ds_mark.prl?PidBox=OC0518,OC0518,13,,,,ME,YORK,KITTERY (2018),43 04 50.     (N),070 44 29.     (W),43.0805555556,-70.7413888889,,NAD 83,(1986),,SCALED,3.967,NAVD 88,,ADJUSTED,-26.619,GEOID18,3.966,980459.1,,,,,,,,2,0,,,,ME W,27620.,853200.,,,,,,,,B,UNK,1989,GOOD,USPSQD,,Q = CHISELED SQUARE,36 = SET IN A MASSIVE STRUCTURE,
,20260102,http://www.ngs.noaa.gov/cgi-bin/ds_mark.prl?PidBox=QF0004,QF0004,13 B GSC,,,,ME,WASHINGTON,VANCEBORO (2018),45 33 51.     (N),067 25 40.     (W),45.5641666667,-67.4277777778,,NAD 83,(1986),,SCALED,118.280,NAVD 88,,ADJUSTED,-23.608,GEOID18,118.280,980619.9,,,,,,,,1,2,,,,ME E,211400.,383700.,,,,,,,,B,UNK,1978,MARK NOT FOUND,NGS,,B = BOLT,36 = SET IN A MASSIVE STRUCTURE,13 B
,20260102,http://www.ngs.noaa.gov/cgi-bin/ds_mark.prl?PidBox=RF0651,RF0651,13 JHS,,,,ME,AROOSTOOK,BLUE BROOK (2018),46 45 39.     (N),069 29 48.     (W),46.7608333333,-69.4966666667,,NAD 83,(1986),,SCALED,394.108,NAVD 88,,ADJUSTED,-25.879,GEOID18,394.133,980664.1,,,,,,,,2,2,,,,ME E,344320.,223870.,,,,,,,,A,1984,1984,MONUMENTED,USGS-M,,DD = SURVEY DISK,66 = SET IN ROCK OUTCROP,13 JHS 1984
,20260102,http://www.ngs.noaa.gov/cgi-bin/ds_mark.prl?PidBox=RF0611,RF0611,13 JHS USGS,,,,ME,AROOSTOOK,BIG BROOK LAKE (2018),46 46 27.     (N),069 01 10.     (W),46.7741666667,-69.0194444444,,NAD 83,(1986),,SCALED,429.818,NAVD 88,,ADJUSTED,-24.797,GEOID18,429.842,980656.0,,,,,,,,2,2,,,,ME E,345450.,260330.,,,,,,,,C,1983,1983,MONUMENTED,USGS-M,,DB = BENCH MARK DISK,80 = SET IN A BOULDER,13 JHS 1983
,20260102,http://www.ngs.noaa.gov/cgi-bin/ds_mark.prl?PidBox=PE1095,PE1095,13 RAK,,,,ME,LINCOLN,WALDOBORO WEST (2018),44 00 39.     (N),069 25 24.     (W),44.0108333333,-69.4233333333,,NAD 83,(1986),,SCALED,15.991,NAVD 88,,ADJUSTED,-25.453,GEOID18,15.990,980520.9,,,,,,,,2,0,,,,ME W,131090.,959610.,,,,,,,,A,1963,20020726,MARK NOT FOUND,USPSQD,,DD = SURVEY DISK,66 = SET IN ROCK OUTCROP,13 RAK 53 1963
,20260102,http://www.ngs.noaa.gov/cgi-bin/ds_mark.prl?PidBox=PE0948,PE0948,131,,,,ME,KNOX,THOMASTON (2018),44 07 09.     (N),069 14 00.     (W),44.1191666667,-69.2333333333,,NAD 83,(1986),,SCALED,39.701,NAVD 88,,ADJUSTED,-25.326,GEOID18,39.697,980521.7,,,,,,,,2,0,,,,ME E,50530.,241310.,,,,,,,,A,1904,20071015,GOOD,JCLS,Y,DD = SURVEY DISK,66 = SET IN ROCK OUTCROP,131
,20260102,http://www.ngs.noaa.gov/cgi-bin/ds_mark.prl?PidBox=QG0420,QG0420,131,,,,ME,PENOBSCOT,GREENBUSH (2018),45 05 07.     (N),068 40 17.     (W),45.0852777778,-68.6713888889,,NAD 83,(1986),,SCALED,39.811,NAVD 88,,ADJUSTED,-24.555,GEOID18,39.811,980612.6,,,,,,,,2,0,,,,ME E,157630.,286510.,,,,,,,,B,1958,1988,MARK NOT FOUND,USPSQD,,DD = SURVEY DISK,36 = SET IN A MASSIVE STRUCTURE,131 41 FAD 1958
,20260102,http://www.ngs.noaa.gov/cgi-bin/ds_mark.prl?PidBox=PE0961,PE0961,131 M,,,,ME,KNOX,WASHINGTON (2018),44 15 30.96   (N),069 15 03.99   (W),44.2586000000,-69.2511083333,,NAD 83,(1986),,HD_HELD1,39.697,NAVD 88,,ADJUSTED,-25.277,GEOID18,39.693,980519.1,,,,,,,,2,0,,,,ME E,66038.4,240024.7,,,,,,,,B,1913,20100209,GOOD,PATRIO,Y,DB = BENCH MARK DISK,65 = SET IN UNSPECIFIED ROCK OR BOULDER,MAINE 131 FEET
,20260102,http://www.ngs.noaa.gov/cgi-bin/ds_mark.prl?PidBox=SF0190,SF0190,134,,,,ME,AROOSTOOK,GRAND ISLE (2018),47 17 27.24440(N),068 07 37.60889(W),47.2909012222,-68.1271135806,,NAD 83,(1996),,NO CHECK,136.,NAVD 88,,SCALED,-23.566,GEOID18,,,,,,,,,3,,,,,,ME E,402828.684,328203.117,+0 16 26.4,0.99989217,19,5237861.170,566000.447,+0 38 29.1,0.99965353,C,1973,1975,GOOD,NGS,,Z = SEE DESCRIPTION,35 = SET IN A MAT FOUNDATION OR CONCRETE SLAB OTHER THAN PAVEMENT,
,20260102,http://www.ngs.noaa.gov/cgi-bin/ds_mark.prl?PidBox=SF0224,SF0224,134 IBC 1975,,,,ME,AROOSTOOK,GRAND ISLE (2018),47 17 25.82395(N),068 07 35.70347(W),47.2905066528,-68.1265842972,,NAD 83,(1996),,ADJUSTED,136.1,NAVD 88,,VERTCON3,-23.565,GEOID18,,,,,,,,,2,,,,,,ME E,402785.013,328243.359,+0 16 27.8,0.99989217,19,5237817.770,566040.958,+0 38 30.5,0.99965360,D,1975,1975,MONUMENTED,IBC,,Z = SEE DESCRIPTION,0 = UNSPECIFIED SETTING,
,20260102,http://www.ngs.noaa.gov/cgi-bin/ds_mark.prl?PidBox=SF0223,SF0223,134 IBC 1975 RM 1 1975,,,,ME,AROOSTOOK,GRAND ISLE (2018),47 17 25.69026(N),068 07 35.54722(W),47.2904695167,-68.1265408944,,NAD 83,(1996),,ADJUSTED,136.0,NAVD 88,,VERTCON3,-23.565,GEOID18,,,,,,,,,2,,,,,,ME E,402780.901,328246.662,+0 16 27.9,0.99989219,19,5237813.680,566044.286,+0 38 30.6,0.99965360,D,1975,1975,MONUMENTED,IBC,,Z = SEE DESCRIPTION,0 = UNSPECIFIED SETTING,
,20260102,http://www.ngs.noaa.gov/cgi-bin/ds_mark.prl?PidBox=QG0455,QG0455,135,,,,ME,PENOBSCOT,HOWLAND (2018),45 10 27.     (N),068 38 03.     (W),45.1741666667,-68.6341666667,,NAD 83,(1986),,SCALED,40.954,NAVD 88,,ADJUSTED,-24.515,GEOID18,40.954,980618.4,,,,,,,,2,0,,,,ME E,167510.,289460.,,,,,,,,B,1958,1958,GOOD,CGS,,DD = SURVEY DISK,36 = SET IN A MASSIVE STRUCTURE,135 1958 44 FAD
,20260102,http://www.ngs.noaa.gov/cgi-bin/ds_mark.prl?PidBox=PD0092,PD0092,136,,,,ME,WASHINGTON,CUTLER (2018),44 41 45.     (N),067 09 43.     (W),44.6958333333,-67.1619444444,,NAD 83,(1986),,SCALED,41.228,NAVD 88,,ADJUSTED,-22.347,GEOID18,41.228,980619.0,,,,,,,,1,2,,,,ME E,115220.,406050.,,,,,,,,A,1907,1978,GOOD,NGS,,DB = BENCH MARK DISK,66 = SET IN ROCK OUTCROP,MAINE 1907 136
,20260102,http://www.ngs.noaa.gov/cgi-bin/ds_mark.prl?PidBox=SF0301,SF0301,136A IBC 1975,,,,ME,AROOSTOOK,MADAWASKA (2018),47 21 23.07030(N),068 18 18.63710(W),47.3564084167,-68.3051769722,,NAD 83,(1996),,ADJUSTED,139.3,NAVD 88,,VERTCON3,-23.899,GEOID18,,,,,,,,,2,,,,,,ME E,410061.828,314717.164,+0 08 35.9,0.99988458,19,5245005.763,552471.917,+0 30 40.0,0.99963384,D,1975,1975,MONUMENTED,IBC,,Z = SEE DESCRIPTION,0 = UNSPECIFIED SETTING,
,20260102,http://www.ngs.noaa.gov/cgi-bin/ds_mark.prl?PidBox=QG0278,QG0278,138,,,,ME,PENOBSCOT,PASSADUMKEAG (2018),45 11 02.     (N),068 36 48.     (W),45.1838888889,-68.6133333333,,NAD 83,(1986),,SCALED,41.761,NAVD 88,,ADJUSTED,-24.498,GEOID18,41.761,980615.1,,,,,,,,2,0,,,,ME E,168580.,291090.,,,,,,,,B,1904,1935,GOOD,CGS,,DB = BENCH MARK DISK,36 = SET IN A MASSIVE STRUCTURE,138
,20260102,http://www.ngs.noaa.gov/cgi-bin/ds_mark.prl?PidBox=SF0304,SF0304,138A IBC 1975 RM 1 1975,,,,ME,AROOSTOOK,MADAWASKA (2018),47 21 28.59759(N),068 18 06.20648(W),47.3579437750,-68.3017240222,,NAD 83,(1996),,ADJUSTED,137.4,NAVD 88,,VERTCON3,-23.893,GEOID18,,,,,,,,,2,,,,,,ME E,410233.167,314977.569,+0 08 45.1,0.99988498,19,5245178.723,552731.147,+0 30 49.2,0.99963417,D,1975,1975,MONUMENTED,IBC,,Z = SEE DESCRIPTION,0 = UNSPECIFIED SETTING,
,20260102,http://www.ngs.noaa.gov/cgi-bin/ds_mark.prl?PidBox=RF0652,RF0652,14 JHS,,,,ME,AROOSTOOK,SEVEN ISLANDS (2018),46 46 15.     (N),069 30 03.     (W),46.7708333333,-69.5008333333,,NAD 83,(1986),,SCALED,408.967,NAVD 88,,ADJUSTED,-25.894,GEOID18,408.993,980665.3,,,,,,,,2,2,,,,ME E,345440.,223560.,,,,,,,,D,1984,1984,MONUMENTED,USGS-M,,DD = SURVEY DISK,15 = METAL ROD DRIVEN INTO GROUND. SEE TEXT FOR ADDITIONAL INFORMATION.,14 JHS 1984
,20260102,http://www.ngs.noaa.gov/cgi-bin/ds_mark.prl?PidBox=RF0612,RF0612,14 JHS USGS,,,,ME,AROOSTOOK,FISH RIVER LAKE SW (2018),46 46 40.     (N),069 00 00.     (W),46.7777777778,-69.0000000000,,NAD 83,(1986),,SCALED,475.644,NAVD 88,,ADJUSTED,-24.750,GEOID18,475.670,980653.9,,,,,,,,2,2,,,,ME E,345840.,261820.,,,,,,,,B,1983,1983,MONUMENTED,USGS-M,,DB = BENCH MARK DISK,46 = COPPER-CLAD STEEL ROD W/O SLEEVE (10 FT.+),14 JHS 1983
,20260102,http://www.ngs.noaa.gov/cgi-bin/ds_mark.prl?PidBox=PE1112,PE1112,14 RAK,,,,ME,LINCOLN,WALDOBORO WEST (2018),44 00 14.     (N),069 27 30.     (W),44.0038888889,-69.4583333333,,NAD 83,(1986),,SCALED,24.294,NAVD 88,,ADJUSTED,-25.467,GEOID18,24.291,980520.4,,,,,,,,2,0,,,,ME W,130290.,956810.,,,,,,,,A,1963,20060103,GOOD,USPSQD,Y,DD = SURVEY DISK,66 = SET IN ROCK OUTCROP,80 14 RAK 1963
,20260102,http://www.ngs.noaa.gov/cgi-bin/ds_mark.prl?PidBox=QG0451,QG0451,140,,,,ME,PENOBSCOT,HOWLAND (2018),45 07 54.     (N),068 38 07.     (W),45.1316666667,-68.6352777778,,NAD 83,(1986),,SCALED,42.395,NAVD 88,,ADJUSTED,-24.516,GEOID18,42.395,980613.8,,,,,,,,2,0,,,,ME E,162780.,289360.,,,,,,,,B,1958,1958,GOOD,CGS,,DD = SURVEY DISK,65 = SET IN UNSPECIFIED ROCK OR BOULDER,140 43 FAD 1958
,20260102,http://www.ngs.noaa.gov/cgi-bin/ds_mark.prl?PidBox=PF0043,PF0043,1405.6,,,,ME,FRANKLIN,REDINGTON (2018),44 56 58.     (N),070 23 58.     (W),44.9494444444,-70.3994444444,,NAD 83,(1986),,SCALED,428.43,NAVD 88,,VERTCON3,-25.445,GEOID18,,,,,,,,,,,,,,,ME W,235140.,881630.,,,,,,,,C,UNK,1934,GOOD,CGS,,H = DRILL HOLE,80 = SET IN A BOULDER,
,20260102,http://www.ngs.noaa.gov/cgi-bin/ds_mark.prl?PidBox=PF0101,PF0101,141,,,,ME,ANDROSCOGGIN,LEWISTON (2018),44 05 52.16   (N),070 13 44.19   (W),44.0978222222,-70.2289416667,,NAD 83,(1986),,HD_HELD1,56.587,NAVD 88,,ADJUSTED,-26.353,GEOID18,56.581,980508.6,,,,,,,,1,1,,,,ME W,140484.2,895013.5,,,,,,,,D,1935,20060529,MARK NOT FOUND,GEOCAC,,DD = SURVEY DISK,9 = POST (STONE OR PRECAST CONCRETE),141
,20260102,http://www.ngs.noaa.gov/cgi-bin/ds_mark.prl?PidBox=PF0099,PF0099,142,,,,ME,ANDROSCOGGIN,LEWISTON (2018),44 05 52.66   (N),070 13 56.49   (W),44.0979611111,-70.2323583333,,NAD 83,(1986),,HD_HELD1,59.480,NAVD 88,,ADJUSTED,-26.357,GEOID18,59.474,980508.8,,,,,,,,1,1,,,,ME W,140499.9,894740.0,,,,,,,,D,1935,20060505,MARK NOT FOUND,USPSQD,,DD = SURVEY DISK,9 = POST (STONE OR PRECAST CONCRETE),142
,20260102,http://www.ngs.noaa.gov/cgi-bin/ds_mark.prl?PidBox=QG0426,QG0426,142,,,,ME,PENOBSCOT,GREENBUSH (2018),45 06 24.     (N),068 39 37.     (W),45.1066666667,-68.6602777778,,NAD 83,(1986),,SCALED,43.014,NAVD 88,,ADJUSTED,-24.541,GEOID18,43.014,980612.9,,,,,,,,2,0,,,,ME E,160010.,287390.,,,,,,,,B,1958,1958,GOOD,CGS,,DD = SURVEY DISK,65 = SET IN UNSPECIFIED ROCK OR BOULDER,142 42 FAD 1958
,20260102,http://www.ngs.noaa.gov/cgi-bin/ds_mark.prl?PidBox=QG0277,QG0277,144,,,,ME,PENOBSCOT,PASSADUMKEAG (2018),45 08 08.     (N),068 36 38.     (W),45.1355555556,-68.6105555556,,NAD 83,(1986),,SCALED,43.962,NAVD 88,,ADJUSTED,-24.493,GEOID18,43.961,980612.3,,,,,,,,2,0,,,,ME E,163210.,291300.,,,,,,,,D,1904,1935,GOOD,CGS,,DB = BENCH MARK DISK,9 = POST (STONE OR PRECAST CONCRETE),144 BANGOR
,20260102,http://www.ngs.noaa.gov/cgi-bin/ds_mark.prl?PidBox=PE0136,PE0136,145,,,,ME,HANCOCK,ELLSWORTH (2018),44 35 41.     (N),068 26 58.     (W),44.5947222222,-68.4494444444,,NAD 83,(1986),,SCALED,44.128,NAVD 88,,ADJUSTED,-24.629,GEOID18,44.125,980555.9,,,,,,,,2,0,,,,ME E,103110.,304010.,,,,,,,,C,1908,1987,GOOD,USPSQD,,DD = SURVEY DISK,80 = SET IN A BOULDER,145
,20260102,http://www.ngs.noaa.gov/cgi-bin/ds_mark.prl?PidBox=QG0274,QG0274,145,,,,ME,PENOBSCOT,GREENBUSH (2018),45 05 48.     (N),068 37 55.     (W),45.0966666667,-68.6319444444,,NAD 83,(1986),,SCALED,44.173,NAVD 88,,ADJUSTED,-24.518,GEOID18,44.173,980610.0,,,,,,,,2,0,,,,ME E,158890.,289620.,,,,,,,,D,1904,1935,GOOD,CGS,,DB = BENCH MARK DISK,9 = POST (STONE OR PRECAST CONCRETE),145 BANGOR
,20260102,http://www.ngs.noaa.gov/cgi-bin/ds_mark.prl?PidBox=PF0252,PF0252,1482.3,,,,ME,FRANKLIN,HOUGHTON (2018),44 47 36.     (N),070 42 38.     (W),44.7933333333,-70.7105555556,,NAD 83,(1986),,SCALED,452.11,NAVD 88,,VERTCON3,-25.898,GEOID18,,,,,,,,,,,,,,,ME W,217910.,856960.,,,,,,,,C,UNK,1934,GOOD,CGS,,H = DRILL HOLE,80 = SET IN A BOULDER,
,20260102,http://www.ngs.noaa.gov/cgi-bin/ds_mark.prl?PidBox=PF0248,PF0248,1483.6,,,,ME,FRANKLIN,HOUGHTON (2018),44 50 37.     (N),070 43 31.     (W),44.8436111111,-70.7252777778,,NAD 83,(1986),,SCALED,452.460,NAVD 88,,ADJUSTED,-25.861,GEOID18,452.389,980447.4,,,,,,,,2,0,,,,ME W,223510.,855840.,,,,,,,,C,UNK,1934,GOOD,CGS,,H = DRILL HOLE,80 = SET IN A BOULDER,
,20260102,http://www.ngs.noaa.gov/cgi-bin/ds_mark.prl?PidBox=RF0653,RF0653,15 JHS,,,,ME,AROOSTOOK,SEVEN ISLANDS (2018),46 47 04.     (N),069 30 26.     (W),46.7844444444,-69.5072222222,,NAD 83,(1986),,SCALED,370.440,NAVD 88,,ADJUSTED,-25.920,GEOID18,370.464,980667.1,,,,,,,,2,2,,,,ME E,346960.,223100.,,,,,,,,A,1984,1984,MONUMENTED,USGS-M,,DD = SURVEY DISK,66 = SET IN ROCK OUTCROP,15 JHS 1984
,20260102,http://www.ngs.noaa.gov/cgi-bin/ds_mark.prl?PidBox=RF0613,RF0613,15 JHS USGS,,,,ME,AROOSTOOK,BIG BROOK LAKE (2018),46 47 27.     (N),069 00 28.     (W),46.7908333333,-69.0077777778,,NAD 83,(1986),,SCALED,451.683,NAVD 88,,ADJUSTED,-24.799,GEOID18,451.708,980655.7,,,,,,,,2,2,,,,ME E,347300.,261230.,,,,,,,,C,1983,1983,MONUMENTED,USGS-M,,DB = BENCH MARK DISK,80 = SET IN A BOULDER,15 JHS 1983
,20260102,http://www.ngs.noaa.gov/cgi-bin/ds_mark.prl?PidBox=PE1110,PE1110,15 RAK,,,,ME,LINCOLN,WALDOBORO WEST (2018),44 01 51.     (N),069 28 14.     (W),44.0308333333,-69.4705555556,,NAD 83,(1986),,SCALED,51.808,NAVD 88,,ADJUSTED,-25.501,GEOID18,51.803,980519.3,,,,,,,,2,0,,,,ME W,133280.,955800.,,,,,,,,A,1963,20060112,GOOD,USPSQD,N,DD = SURVEY DISK,66 = SET IN ROCK OUTCROP,171 15 RAK 1963
,20260102,http://www.ngs.noaa.gov/cgi-bin/ds_mark.prl?PidBox=PD0369,PD0369,151,,,,ME,WASHINGTON,SCHOODIC LAKE (2018),44 43 04.     (N),067 58 11.     (W),44.7177777778,-67.9697222222,,NAD 83,(1986),,SCALED,45.997,NAVD 88,,ADJUSTED,-24.085,GEOID18,45.994,980554.7,,,,,,,,2,0,,,,ME E,116920.,342010.,,,,,,,,C,UNK,20150914,GOOD,DWELLM,N,DD = SURVEY DISK,80 = SET IN A BOULDER,151
,20260102,http://www.ngs.noaa.gov/cgi-bin/ds_mark.prl?PidBox=PF0230,PF0230,1517.0,,,,ME,FRANKLIN,SADDLEBACK MOUNTAIN (2018),44 59 49.     (N),070 33 27.     (W),44.9969444444,-70.5575000000,,NAD 83,(1986),,SCALED,462.517,NAVD 88,,ADJUSTED,-25.283,GEOID18,462.474,980507.6,,,,,,,,2,0,,,,ME W,240470.,869180.,,,,,,,,C,UNK,1934,GOOD,CGS,,Q = CHISELED SQUARE,80 = SET IN A BOULDER,
,20260102,http://www.ngs.noaa.gov/cgi-bin/ds_mark.prl?PidBox=PF0237,PF0237,1523.4,,,,ME,FRANKLIN,OQUOSSOC (2018),44 58 00.     (N),070 46 08.     (W),44.9666666667,-70.7688888889,,NAD 83,(1986),,SCALED,464.213,NAVD 88,,ADJUSTED,-25.668,GEOID18,464.156,980478.4,,,,,,,,2,0,,,,ME W,237200.,852490.,,,,,,,,B,1933,1933,MONUMENTED,USGS,,DD = SURVEY DISK,36 = SET IN A MASSIVE STRUCTURE,
,20260102,http://www.ngs.noaa.gov/cgi-bin/ds_mark.prl?PidBox=PF0238,PF0238,1523.4 RESET,,,,ME,FRANKLIN,OQUOSSOC (2018),44 57 58.4    (N),070 46 08.2    (W),44.9662222222,-70.7689444444,,NAD 83,(1986),,HD_HELD2,464.34,NAVD 88,,RESET,-25.670,GEOID18,,,,,,,,,,3,,,,,ME W,237154.,852486.,,,,,,,,B,1950,20160821,GOOD,PROFLN,,DD = SURVEY DISK,36 = SET IN A MASSIVE STRUCTURE,
,20260102,http://www.ngs.noaa.gov/cgi-bin/ds_mark.prl?PidBox=PE1203,PE1203,153,,,,ME,KENNEBEC,AUGUSTA (2018),44 18 26.6    (N),069 46 55.3    (W),44.3073888889,-69.7820277778,,NAD 83,(1986),,HD_HELD2,46.416,NAVD 88,,ADJUSTED,-25.884,GEOID18,46.411,980521.5,,,,,,,,2,0,,,,ME W,163840.,930690.,,,,,,,,B,1909,20070228,GOOD,USPSQD,N,DD = SURVEY DISK,36 = SET IN A MASSIVE STRUCTURE,153
,20260102,http://www.ngs.noaa.gov/cgi-bin/ds_mark.prl?PidBox=QG0439,QG0439,153,,,,ME,PENOBSCOT,HOWLAND (2018),45 09 42.     (N),068 41 50.     (W),45.1616666667,-68.6972222222,,NAD 83,(1986),,SCALED,46.665,NAVD 88,,ADJUSTED,-24.573,GEOID18,46.665,980611.2,,,,,,,,2,0,,,,ME E,166130.,284500.,,,,,,,,C,1958,1959,GOOD,CGS,,DD = SURVEY DISK,80 = SET IN A BOULDER,153 47 FAD 1958
,20260102,http://www.ngs.noaa.gov/cgi-bin/ds_mark.prl?PidBox=PF0246,PF0246,1531.7,,,,ME,FRANKLIN,RANGELEY (2018),44 52 44.     (N),070 44 11.     (W),44.8788888889,-70.7363888889,,NAD 83,(1986),,SCALED,467.13,NAVD 88,,VERTCON3,-25.843,GEOID18,,,,,,,,,,,,,,,ME W,227430.,854990.,,,,,,,,C,UNK,1934,GOOD,CGS,,H = DRILL HOLE,80 = SET IN A BOULDER,
,20260102,http://www.ngs.noaa.gov/cgi-bin/ds_mark.prl?PidBox=PF0239,PF0239,1533.3,,,,ME,FRANKLIN,OQUOSSOC (2018),44 57 54.     (N),070 46 20.     (W),44.9650000000,-70.7722222222,,NAD 83,(1986),,SCALED,467.531,NAVD 88,,ADJUSTED,-25.681,GEOID18,467.473,980477.8,,,,,,,,2,0,,,,ME W,237020.,852230.,,,,,,,,C,UNK,1934,GOOD,CGS,,Q = CHISELED SQUARE,80 = SET IN A BOULDER,
,20260102,http://www.ngs.noaa.gov/cgi-bin/ds_mark.prl?PidBox=PF0241,PF0241,1537.2,,,,ME,FRANKLIN,OQUOSSOC (2018),44 57 30.     (N),070 45 43.     (W),44.9583333333,-70.7619444444,,NAD 83,(1986),,SCALED,468.74,NAVD 88,,VERTCON3,-25.678,GEOID18,,,,,,,,,,,,,,,ME W,236270.,853030.,,,,,,,,C,UNK,1934,GOOD,CGS,,H = DRILL HOLE,80 = SET IN A BOULDER,
,20260102,http://www.ngs.noaa.gov/cgi-bin/ds_mark.prl?PidBox=OC0126,OC0126,154,,,,ME,CUMBERLAND,GORHAM (2018),43 44 10.     (N),070 25 19.     (W),43.7361111111,-70.4219444444,,NAD 83,(1986),,SCALED,46.729,NAVD 88,,ADJUSTED,-26.443,GEOID18,46.723,980492.7,,,,,,,,1,2,,,,ME W,100330.,879440.,,,,,,,,A,1906,1976,GOOD,NGS,,DB = BENCH MARK DISK,66 = SET IN ROCK OUTCROP,154 MAINE
,20260102,http://www.ngs.noaa.gov/cgi-bin/ds_mark.prl?PidBox=PF0243,PF0243,1544.3,,,,ME,FRANKLIN,OQUOSSOC (2018),44 55 28.     (N),070 45 38.     (W),44.9244444444,-70.7605555556,,NAD 83,(1986),,SCALED,470.86,NAVD 88,,VERTCON3,-25.788,GEOID18,,,,,,,,,,,,,,,ME W,232510.,853110.,,,,,,,,C,UNK,1934,GOOD,CGS,,H = DRILL HOLE,80 = SET IN A BOULDER,
,20260102,http://www.ngs.noaa.gov/cgi-bin/ds_mark.prl?PidBox=PD0054,PD0054,156,,,,ME,WASHINGTON,CUTLER (2018),44 41 48.     (N),067 12 31.     (W),44.6966666667,-67.2086111111,,NAD 83,(1986),,SCALED,47.382,NAVD 88,,ADJUSTED,-22.418,GEOID18,47.382,980614.1,,,,,,,,2,0,,,,ME E,115250.,402350.,,,,,,,,A,1907,1946,GOOD,CGS,,DB = BENCH MARK DISK,66 = SET IN ROCK OUTCROP,MAINE 156 1907
,20260102,http://www.ngs.noaa.gov/cgi-bin/ds_mark.prl?PidBox=PE1471,PE1471,156.5=TBM 47,,,,ME,KENNEBEC,CLINTON (2018),44 37 39.     (N),069 31 20.     (W),44.6275000000,-69.5222222222,,NAD 83,(1986),,SCALED,47.759,NAVD 88,,ADJUSTED,-25.614,GEOID18,47.756,980567.6,,,,,,,,1,1,,,,ME W,199540.,951140.,,,,,,,,D,UNK,1966,GOOD,CGS,,Q = CHISELED SQUARE,30 = SET IN A LIGHT STRUCTURE,
,20260102,http://www.ngs.noaa.gov/cgi-bin/ds_mark.prl?PidBox=PF0249,PF0249,1568.5,,,,ME,FRANKLIN,HOUGHTON (2018),44 50 08.     (N),070 43 23.     (W),44.8355555556,-70.7230555556,,NAD 83,(1986),,SCALED,478.37,NAVD 88,,VERTCON3,-25.860,GEOID18,,,,,,,,,,,,,,,ME W,222610.,856010.,,,,,,,,C,UNK,1934,GOOD,CGS,,Q = CHISELED SQUARE,32 = SET IN A RETAINING WALL OR CONCRETE LEDGE,
,20260102,http://www.ngs.noaa.gov/cgi-bin/ds_mark.prl?PidBox=PF0244,PF0244,1578.9,,,,ME,FRANKLIN,OQUOSSOC (2018),44 54 40.     (N),070 46 09.     (W),44.9111111111,-70.7691666667,,NAD 83,(1986),,SCALED,481.47,NAVD 88,,VERTCON3,-25.839,GEOID18,,,,,,,,,,,,,,,ME W,231030.,852420.,,,,,,,,C,UNK,1934,GOOD,CGS,,H = DRILL HOLE,80 = SET IN A BOULDER,
,20260102,http://www.ngs.noaa.gov/cgi-bin/ds_mark.prl?PidBox=PF0251,PF0251,1586.7,,,,ME,FRANKLIN,HOUGHTON (2018),44 48 25.     (N),070 42 22.     (W),44.8069444444,-70.7061111111,,NAD 83,(1986),,SCALED,483.932,NAVD 88,,ADJUSTED,-25.873,GEOID18,483.851,980434.8,,,,,,,,2,0,,,,ME W,219420.,857330.,,,,,,,,C,UNK,1934,GOOD,CGS,,H = DRILL HOLE,80 = SET IN A BOULDER,
,20260102,http://www.ngs.noaa.gov/cgi-bin/ds_mark.prl?PidBox=AJ2695,AJ2695,1599 10,,,,ME,PENOBSCOT,SPRINGFIELD (2018),45 23 38.11326(N),068 09 03.69807(W),45.3939203500,-68.1510272417,117.981,NAD 83,(2011),2010.00,ADJUSTED,141.9,NAVD 88,,GPS OBS,-23.924,GEOID18,,,0.79,1.63,0.36,0.27,0.83,0.05220507,,,,1669743.184,-4164329.448,4518281.880,ME E,191976.971,327323.471,+0 14 54.4,0.99989069,19,5027061.995,566451.932,+0 36 16.0,0.99965429,A,1985,20001007,GOOD,MEDT,Y,DD = SURVEY DISK,66 = SET IN ROCK OUTCROP,1599 10 1985
,20260102,http://www.ngs.noaa.gov/cgi-bin/ds_mark.prl?PidBox=OC0105,OC0105,16 C OF P,,,,ME,CUMBERLAND,PORTLAND WEST (2018),43 38 41.     (N),070 15 58.     (W),43.6447222222,-70.2661111111,,NAD 83,(1986),,SCALED,6.854,NAVD 88,,ADJUSTED,-26.127,GEOID18,6.853,980501.2,,,,,,,,1,1,,,,ME W,90150.,891980.,,,,,,,,C,UNK,20060906,MARK NOT FOUND,USPSQD,,B = BOLT,7 = SET IN TOP OF CONCRETE MONUMENT,
,20260102,http://www.ngs.noaa.gov/cgi-bin/ds_mark.prl?PidBox=RF0654,RF0654,16 JHS,,,,ME,AROOSTOOK,SEVEN ISLANDS (2018),46 47 50.     (N),069 30 51.     (W),46.7972222222,-69.5141666667,,NAD 83,(1986),,SCALED,329.102,NAVD 88,,ADJUSTED,-25.949,GEOID18,329.123,980668.6,,,,,,,,2,2,,,,ME E,348380.,222580.,,,,,,,,D,1984,1984,MONUMENTED,USGS-M,,DD = SURVEY DISK,15 = METAL ROD DRIVEN INTO GROUND. SEE TEXT FOR ADDITIONAL INFORMATION.,16 JHS 1984
,20260102,http://www.ngs.noaa.gov/cgi-bin/ds_mark.prl?PidBox=RF0614,RF0614,16 JHS USGS,,,,ME,AROOSTOOK,BIG BROOK LAKE (2018),46 48 01.     (N),069 01 05.     (W),46.8002777778,-69.0180555556,,NAD 83,(1986),,SCALED,441.058,NAVD 88,,ADJUSTED,-24.848,GEOID18,441.083,980657.6,,,,,,,,2,2,,,,ME E,348350.,260460.,,,,,,,,A,1983,1983,MONUMENTED,USGS-M,,DB = BENCH MARK DISK,66 = SET IN ROCK OUTCROP,16 JHS 1983
,20260102,http://www.ngs.noaa.gov/cgi-bin/ds_mark.prl?PidBox=PE1326,PE1326,16 RAK,,,,ME,LINCOLN,DAMARISCOTTA (2018),44 02 10.     (N),069 30 20.     (W),44.0361111111,-69.5055555556,,NAD 83,(1986),,SCALED,24.579,NAVD 88,,ADJUSTED,-25.537,GEOID18,24.576,980519.3,,,,,,,,2,0,,,,ME W,133840.,952990.,,,,,,,,A,1963,20031124,MARK NOT FOUND,USPSQD,,DD = SURVEY DISK,66 = SET IN ROCK OUTCROP,81 16 RAK 1963
,20260102,http://www.ngs.noaa.gov/cgi-bin/ds_mark.prl?PidBox=PD0434,PD0434,160,,,,ME,WASHINGTON,ADDISON (2018),44 35 03.     (N),067 39 09.     (W),44.5841666667,-67.6525000000,,NAD 83,(1986),,SCALED,48.316,NAVD 88,,ADJUSTED,-23.118,GEOID18,48.315,980591.5,,,,,,,,2,0,,,,ME E,102290.,367300.,,,,,,,,A,1917,1962,GOOD,CGS,,DD = SURVEY DISK,66 = SET IN ROCK OUTCROP,160 ME 1917
,20260102,http://www.ngs.noaa.gov/cgi-bin/ds_mark.prl?PidBox=PF0049,PF0049,1612.7,,,,ME,FRANKLIN,REDINGTON (2018),44 59 18.     (N),070 28 43.     (W),44.9883333333,-70.4786111111,,NAD 83,(1986),,SCALED,491.73,NAVD 88,,VERTCON3,-25.263,GEOID18,,,,,,,,,,,,,,,ME W,239480.,875400.,,,,,,,,C,UNK,1934,GOOD,CGS,,Q = CHISELED SQUARE,80 = SET IN A BOULDER,
,20260102,http://www.ngs.noaa.gov/cgi-bin/ds_mark.prl?PidBox=PF0045,PF0045,1620.4,,,,ME,FRANKLIN,REDINGTON (2018),44 58 51.     (N),070 24 37.     (W),44.9808333333,-70.4102777778,,NAD 83,(1986),,SCALED,493.916,NAVD 88,,ADJUSTED,-25.310,GEOID18,493.862,980492.7,,,,,,,,2,0,,,,ME W,238630.,880790.,,,,,,,,C,UNK,1934,GOOD,CGS,,H = DRILL HOLE,80 = SET IN A BOULDER,
,20260102,http://www.ngs.noaa.gov/cgi-bin/ds_mark.prl?PidBox=PE1466,PE1466,163.0=TBM 50,,,,ME,KENNEBEC,FAIRFIELD (2018),44 36 06.     (N),069 34 10.     (W),44.6016666667,-69.5694444444,,NAD 83,(1986),,SCALED,49.706,NAVD 88,,ADJUSTED,-25.670,GEOID18,49.704,980564.3,,,,,,,,1,1,,,,ME W,196640.,947410.,,,,,,,,D,UNK,1966,GOOD,CGS,,Q = CHISELED SQUARE,30 = SET IN A LIGHT STRUCTURE,
,20260102,http://www.ngs.noaa.gov/cgi-bin/ds_mark.prl?PidBox=AJ2696,AJ2696,1634 27,,,,ME,SOMERSET,ATHENS (2018),44 53 00.57802(N),069 42 42.66493(W),44.8834938944,-69.7118513694,85.885,NAD 83,(2011),2010.00,ADJUSTED,111.7,NAVD 88,,GPS OBS,-25.794,GEOID18,,,0.91,1.78,0.41,0.32,0.91,0.03129298,,,,1569629.255,-4245958.150,4478244.520,ME W,227885.328,935932.151,+0 19 15.4,0.99996907,19,4970254.630,443781.631,-0 30 08.4,0.99963886,A,1985,20001007,GOOD,MEDT,Y,DD = SURVEY DISK,66 = SET IN ROCK OUTCROP,1634 27 1985
,20260102,http://www.ngs.noaa.gov/cgi-bin/ds_mark.prl?PidBox=PF0046,PF0046,1636.5,,,,ME,FRANKLIN,REDINGTON (2018),44 59 00.     (N),070 25 48.     (W),44.9833333333,-70.4300000000,,NAD 83,(1986),,SCALED,498.80,NAVD 88,,VERTCON3,-25.291,GEOID18,,,,,,,,,,,,,,,ME W,238910.,879230.,,,,,,,,C,UNK,1934,GOOD,CGS,,H = DRILL HOLE,80 = SET IN A BOULDER,
,20260102,http://www.ngs.noaa.gov/cgi-bin/ds_mark.prl?PidBox=PF0048,PF0048,1673.0,,,,ME,FRANKLIN,REDINGTON (2018),44 59 20.     (N),070 26 59.     (W),44.9888888889,-70.4497222222,,NAD 83,(1986),,SCALED,510.00,NAVD 88,,VERTCON3,-25.264,GEOID18,,,,,,,,,,,,,,,ME W,239540.,877680.,,,,,,,,C,UNK,1934,GOOD,CGS,,Q = CHISELED SQUARE,80 = SET IN A BOULDER,
,20260102,http://www.ngs.noaa.gov/cgi-bin/ds_mark.prl?PidBox=PE0114,PE0114,168,,,,ME,HANCOCK,EASTBROOK (2018),44 38 36.     (N),068 15 51.     (W),44.6433333333,-68.2641666667,,NAD 83,(1986),,SCALED,51.001,NAVD 88,,ADJUSTED,-24.411,GEOID18,50.998,980553.4,,,,,,,,2,0,,,,ME E,108540.,318710.,,,,,,,,,1908,20181010,MARK NOT FOUND,INDIV,,,,168 ME
,20260102,http://www.ngs.noaa.gov/cgi-bin/ds_mark.prl?PidBox=QG0460,QG0460,168,,,,ME,PENOBSCOT,HOWLAND (2018),45 12 37.     (N),068 38 28.     (W),45.2102777778,-68.6411111111,,NAD 83,(1986),,SCALED,51.147,NAVD 88,,ADJUSTED,-24.526,GEOID18,51.147,980614.1,,,,,,,,2,0,,,,ME E,171520.,288920.,,,,,,,,C,1958,1958,GOOD,CGS,,DD = SURVEY DISK,80 = SET IN A BOULDER,168 1958 45 FAD
,20260102,http://www.ngs.noaa.gov/cgi-bin/ds_mark.prl?PidBox=OC0010,OC0010,17,,,,ME,CUMBERLAND,PORTLAND WEST (2018),43 39 30.4    (N),070 15 12.4    (W),43.6584444444,-70.2534444444,,NAD 83,(1986),,HD_HELD2,12.424,NAVD 88,,ADJUSTED,-26.126,GEOID18,12.423,980501.5,,,,,,,,1,1,,,,ME W,91668.,893000.,,,,,,,,D,UNK,20210603,GOOD,USPSQD,N,B = BOLT,9 = POST (STONE OR PRECAST CONCRETE),
,20260102,http://www.ngs.noaa.gov/cgi-bin/ds_mark.prl?PidBox=PD0468,PD0468,17,,,,ME,WASHINGTON,WHITNEYVILLE (2018),44 39 38.     (N),067 34 29.     (W),44.6605555556,-67.5747222222,,NAD 83,(1986),,SCALED,4.952,NAVD 88,,ADJUSTED,-23.145,GEOID18,4.952,980583.9,,,,,,,,2,0,,,,ME E,110840.,373380.,,,,,,,,A,1917,1962,GOOD,CGS,,DD = SURVEY DISK,66 = SET IN ROCK OUTCROP,17 ME 1917
,20260102,http://www.ngs.noaa.gov/cgi-bin/ds_mark.prl?PidBox=RF0655,RF0655,17 JHS,,,,ME,AROOSTOOK,SEVEN ISLANDS (2018),46 48 29.     (N),069 31 15.     (W),46.8080555556,-69.5208333333,,NAD 83,(1986),,SCALED,275.087,NAVD 88,,ADJUSTED,-25.974,GEOID18,275.104,980669.7,,,,,,,,2,2,,,,ME E,349590.,222090.,,,,,,,,D,1984,1984,MONUMENTED,USGS-M,,DD = SURVEY DISK,15 = METAL ROD DRIVEN INTO GROUND. SEE TEXT FOR ADDITIONAL INFORMATION.,17 JHS 1984
,20260102,http://www.ngs.noaa.gov/cgi-bin/ds_mark.prl?PidBox=RF0615,RF0615,17 JHS USGS,,,,ME,AROOSTOOK,BIG BROOK LAKE (2018),46 48 45.     (N),069 00 31.     (W),46.8125000000,-69.0086111111,,NAD 83,(1986),,SCALED,434.248,NAVD 88,,ADJUSTED,-24.855,GEOID18,434.273,980658.1,,,,,,,,2,2,,,,ME E,349710.,261190.,,,,,,,,B,1983,1983,MONUMENTED,USGS-M,,DB = BENCH MARK DISK,46 = COPPER-CLAD STEEL ROD W/O SLEEVE (10 FT.+),17 JHS 1983
,20260102,http://www.ngs.noaa.gov/cgi-bin/ds_mark.prl?PidBox=AJ2697,AJ2697,17 M,,,,ME,CUMBERLAND,BAILEY ISLAND (2018),43 44 51.81946(N),069 59 21.98158(W),43.7477276278,-69.9894393278,-22.374,NAD 83,(2011),2010.00,ADJUSTED,3.4,NAVD 88,,GPS OBS,-25.855,GEOID18,,,0.74,1.41,0.34,0.25,0.72,0.00032472,,,,1579183.586,-4336284.228,4387870.298,ME W,101599.623,914274.346,+0 07 21.2,0.99997268,19,4844329.786,420337.056,-0 41 03.2,0.99967806,A,1941,20000724,GOOD,MEDT,Y,DB = BENCH MARK DISK,66 = SET IN ROCK OUTCROP,17 M 1941 12
,20260102,http://www.ngs.noaa.gov/cgi-bin/ds_mark.prl?PidBox=PF1074,PF1074,17 SKS,,,,ME,ANDROSCOGGIN,LAKE AUBURN WEST (2018),44 08 00.90883(N),070 18 58.84207(W),44.1335857861,-70.3163450194,,NAD 83,(1996),,ADJUSTED,190.85,NAVD 88,,VERTCON3,-26.475,GEOID18,,,,,,,,,2,,,,,,ME W,144466.941,888022.237,-0 06 15.2,0.99994266,19,4887552.462,394699.993,-0 55 00.1,0.99973637,C,1954,20080328,GOOD,INDIV,Y,DB = BENCH MARK DISK,80 = SET IN A BOULDER,17 SKS 1954
,20260102,http://www.ngs.noaa.gov/cgi-bin/ds_mark.prl?PidBox=PE1325,PE1325,171,,,,ME,LINCOLN,DAMARISCOTTA (2018),44 01 56.17   (N),069 31 16.26   (W),44.0322694444,-69.5211833333,,NAD 83,(1986),,HD_HELD1,20.927,NAVD 88,,ADJUSTED,-25.547,GEOID18,20.925,980521.1,,,,,,,,2,0,,,,ME W,133401.4,951742.0,,,,,,,,A,1935,20060102,GOOD,USPSQD,Y,DD = SURVEY DISK,66 = SET IN ROCK OUTCROP,171
,20260102,http://www.ngs.noaa.gov/cgi-bin/ds_mark.prl?PidBox=PE0042,PE0042,172 USGS,,,,ME,HANCOCK,ELLSWORTH (2018),44 33 28.     (N),068 22 34.     (W),44.5577777778,-68.3761111111,,NAD 83,(1986),,SCALED,52.466,NAVD 88,,ADJUSTED,-24.445,GEOID18,52.463,980564.7,,,,,,,,1,1,,,,ME E,99010.,309840.,,,,,,,,A,1908,1978,GOOD,DMA,,DD = SURVEY DISK,66 = SET IN ROCK OUTCROP,172.775
,20260102,http://www.ngs.noaa.gov/cgi-bin/ds_mark.prl?PidBox=QG0445,QG0445,173,,,,ME,PENOBSCOT,HOWLAND (2018),45 08 27.     (N),068 43 03.     (W),45.1408333333,-68.7175000000,,NAD 83,(1986),,SCALED,52.510,NAVD 88,,ADJUSTED,-24.589,GEOID18,52.510,980609.8,,,,,,,,2,0,,,,ME E,163820.,282900.,,,,,,,,B,1958,1959,GOOD,CGS,,DD = SURVEY DISK,65 = SET IN UNSPECIFIED ROCK OR BOULDER,173 48 FAD 1958
,20260102,http://www.ngs.noaa.gov/cgi-bin/ds_mark.prl?PidBox=PE0120,PE0120,176,,,,ME,HANCOCK,EASTBROOK (2018),44 41 54.     (N),068 20 34.     (W),44.6983333333,-68.3427777778,,NAD 83,(1986),,SCALED,53.471,NAVD 88,,ADJUSTED,-24.501,GEOID18,53.468,980567.0,,,,,,,,2,0,,,,ME E,114640.,312460.,,,,,,,,D,1908,1953,GOOD,CGS,,DD = SURVEY DISK,30 = SET IN A LIGHT STRUCTURE,176 ME
,20260102,http://www.ngs.noaa.gov/cgi-bin/ds_mark.prl?PidBox=OC0012,OC0012,18 C OF P,,,,ME,CUMBERLAND,PORTLAND WEST (2018),43 39 35.     (N),070 15 31.     (W),43.6597222222,-70.2586111111,,NAD 83,(1986),,SCALED,17.190,NAVD 88,,ADJUSTED,-26.135,GEOID18,17.188,980501.0,,,,,,,,1,1,,,,ME W,91810.,892580.,,,,,,,,C,UNK,19910212,MARK NOT FOUND,USPSQD,,B = BOLT,7 = SET IN TOP OF CONCRETE MONUMENT,
,20260102,http://www.ngs.noaa.gov/cgi-bin/ds_mark.prl?PidBox=RF0656,RF0656,18 JHS,,,,ME,AROOSTOOK,SEVEN ISLANDS (2018),46 48 32.     (N),069 30 19.     (W),46.8088888889,-69.5052777778,,NAD 83,(1986),,SCALED,339.355,NAVD 88,,ADJUSTED,-25.942,GEOID18,339.378,980670.4,,,,,,,,2,2,,,,ME E,349670.,223280.,,,,,,,,A,1984,1984,MONUMENTED,USGS-M,,DD = SURVEY DISK,66 = SET IN ROCK OUTCROP,18 JHS 1984
,20260102,http://www.ngs.noaa.gov/cgi-bin/ds_mark.prl?PidBox=RF0617,RF0617,18 JHS USGS,,,,ME,AROOSTOOK,BIG BROOK LAKE (2018),46 49 15.     (N),069 00 11.     (W),46.8208333333,-69.0030555556,,NAD 83,(1986),,SCALED,367.566,NAVD 88,,ADJUSTED,-24.863,GEOID18,367.587,980658.8,,,,,,,,2,2,,,,ME E,350630.,261620.,,,,,,,,B,1983,1983,MONUMENTED,USGS-M,,DB = BENCH MARK DISK,46 = COPPER-CLAD STEEL ROD W/O SLEEVE (10 FT.+),18 JHS 1983
,20260102,http://www.ngs.noaa.gov/cgi-bin/ds_mark.prl?PidBox=OB0243,OB0243,18 M 68,,,,ME,CUMBERLAND,ORRS ISLAND (2018),43 46 24.     (N),069 57 53.     (W),43.7733333333,-69.9647222222,,NAD 83,(1986),,SCALED,20.612,NAVD 88,,ADJUSTED,-25.843,GEOID18,20.609,980520.3,,,,,,,,2,0,,,,ME W,104450.,916260.,,,,,,,,A,1941,1943,GOOD,CGS,,DB = BENCH MARK DISK,66 = SET IN ROCK OUTCROP,18 M 1941 68
,20260102,http://www.ngs.noaa.gov/cgi-bin/ds_mark.prl?PidBox=PE0139,PE0139,181,,,,ME,HANCOCK,BEECH HILL POND (2018),44 37 46.     (N),068 26 07.     (W),44.6294444444,-68.4352777778,,NAD 83,(1986),,SCALED,55.103,NAVD 88,,ADJUSTED,-24.620,GEOID18,55.100,980561.4,,,,,,,,2,0,,,,ME E,106970.,305140.,,,,,,,,A,1908,1953,GOOD,CGS,,DD = SURVEY DISK,66 = SET IN ROCK OUTCROP,181 ME
,20260102,http://www.ngs.noaa.gov/cgi-bin/ds_mark.prl?PidBox=QG0280,QG0280,185,,,,ME,PENOBSCOT,PASSADUMKEAG (2018),45 13 15.     (N),068 36 04.     (W),45.2208333333,-68.6011111111,,NAD 83,(1986),,SCALED,56.782,NAVD 88,,ADJUSTED,-24.493,GEOID18,56.781,980611.5,,,,,,,,2,0,,,,ME E,172690.,292060.,,,,,,,,D,1904,1935,GOOD,CGS,,DB = BENCH MARK DISK,9 = POST (STONE OR PRECAST CONCRETE),185
,20260102,http://www.ngs.noaa.gov/cgi-bin/ds_mark.prl?PidBox=PE0967,PE0967,188,,,,ME,KNOX,SEARSMONT (2018),44 18 15.     (N),069 12 33.     (W),44.3041666667,-69.2091666667,,NAD 83,(1986),,SCALED,57.015,NAVD 88,,ADJUSTED,-25.227,GEOID18,57.011,980534.7,,,,,,,,2,0,,,,ME E,71070.,243420.,,,,,,,,C,1904,1935,GOOD,CGS,,DB = BENCH MARK DISK,32 = SET IN A RETAINING WALL OR CONCRETE LEDGE,MAINE 188 FT
,20260102,http://www.ngs.noaa.gov/cgi-bin/ds_mark.prl?PidBox=QG0430,QG0430,189,,,,ME,PENOBSCOT,HOWLAND (2018),45 09 04.     (N),068 39 40.     (W),45.1511111111,-68.6611111111,,NAD 83,(1986),,SCALED,57.545,NAVD 88,,ADJUSTED,-24.540,GEOID18,57.545,980615.0,,,,,,,,2,0,,,,ME E,164950.,287330.,,,,,,,,C,1958,1981,MARK NOT FOUND,USGS,,DD = SURVEY DISK,80 = SET IN A BOULDER,189 1958 46 FAD
,20260102,http://www.ngs.noaa.gov/cgi-bin/ds_mark.prl?PidBox=PD0443,PD0443,19,,,,ME,WASHINGTON,JONESPORT (2018),44 31 59.     (N),067 35 53.     (W),44.5330555556,-67.5980555556,,NAD 83,(1986),,SCALED,5.469,NAVD 88,,ADJUSTED,-23.019,GEOID18,5.469,980590.3,,,,,,,,2,0,,,,ME E,96650.,371680.,,,,,,,,B,UNK,1976,GOOD,LOCSUR,,DD = SURVEY DISK,36 = SET IN A MASSIVE STRUCTURE,19
,20260102,http://www.ngs.noaa.gov/cgi-bin/ds_mark.prl?PidBox=OC0014,OC0014,19 C OF P,,,,ME,CUMBERLAND,PORTLAND WEST (2018),43 39 28.     (N),070 15 58.     (W),43.6577777778,-70.2661111111,,NAD 83,(1986),,SCALED,9.853,NAVD 88,,ADJUSTED,-26.143,GEOID18,9.852,980500.4,,,,,,,,1,1,,,,ME W,91600.,891980.,,,,,,,,C,UNK,1990,MARK NOT FOUND,USPSQD,,B = BOLT,7 = SET IN TOP OF CONCRETE MONUMENT,
,20260102,http://www.ngs.noaa.gov/cgi-bin/ds_mark.prl?PidBox=RF0657,RF0657,19 JHS,,,,ME,AROOSTOOK,BLUE BROOK (2018),46 48 39.     (N),069 29 27.     (W),46.8108333333,-69.4908333333,,NAD 83,(1986),,SCALED,364.866,NAVD 88,,ADJUSTED,-25.914,GEOID18,364.891,980671.6,,,,,,,,2,2,,,,ME E,349870.,224380.,,,,,,,,D,1984,1984,MONUMENTED,USGS-M,,DD = SURVEY DISK,15 = METAL ROD DRIVEN INTO GROUND. SEE TEXT FOR ADDITIONAL INFORMATION.,19 JHS 1984
,20260102,http://www.ngs.noaa.gov/cgi-bin/ds_mark.prl?PidBox=RF0619,RF0619,19 JHS USGS,,,,ME,AROOSTOOK,BIG BROOK LAKE (2018),46 50 15.     (N),069 01 28.     (W),46.8375000000,-69.0244444444,,NAD 83,(1986),,SCALED,421.969,NAVD 88,,ADJUSTED,-24.949,GEOID18,421.994,980662.2,,,,,,,,2,2,,,,ME E,352490.,260000.,,,,,,,,B,1983,1983,MONUMENTED,USGS-M,,DB = BENCH MARK DISK,46 = COPPER-CLAD STEEL ROD W/O SLEEVE (10 FT.+),19 JHS 1983
,20260102,http://www.ngs.noaa.gov/cgi-bin/ds_mark.prl?PidBox=OB0239,OB0239,19 M 63,,,,ME,CUMBERLAND,ORRS ISLAND (2018),43 47 49.     (N),069 56 07.     (W),43.7969444444,-69.9352777778,,NAD 83,(1986),,SCALED,19.025,NAVD 88,,ADJUSTED,-25.826,GEOID18,19.023,980520.8,,,,,,,,2,0,,,,ME W,107080.,918620.,,,,,,,,A,1941,1943,GOOD,CGS,,DB = BENCH MARK DISK,66 = SET IN ROCK OUTCROP,19 M 1941 63
,20260102,http://www.ngs.noaa.gov/cgi-bin/ds_mark.prl?PidBox=PE0944,PE0944,190,,,,ME,KNOX,THOMASTON (2018),44 04 39.20   (N),069 11 36.57   (W),44.0775555556,-69.1934916667,,NAD 83,(1986),,HD_HELD1,41.624,NAVD 88,,ADJUSTED,-25.271,GEOID18,41.620,980523.0,,,,,,,,2,0,,,,ME E,45883.0,244455.7,,,,,,,,C,1934,20040903,MARK NOT FOUND,USPSQD,,DD = SURVEY DISK,7 = SET IN TOP OF CONCRETE MONUMENT,NO 190
,20260102,http://www.ngs.noaa.gov/cgi-bin/ds_mark.prl?PidBox=PE1063,PE1063,191,,,,ME,KNOX,THOMASTON (2018),44 04 41.89   (N),069 11 09.53   (W),44.0783027778,-69.1859805556,,NAD 83,(1986),,HD_HELD1,37.233,NAVD 88,,ADJUSTED,-25.262,GEOID18,37.229,980523.0,,,,,,,,2,0,,,,ME E,45961.0,245058.0,,,,,,,,C,1934,20060722,GOOD,USPSQD,N,DD = SURVEY DISK,7 = SET IN TOP OF CONCRETE MONUMENT,191
,20260102,http://www.ngs.noaa.gov/cgi-bin/ds_mark.prl?PidBox=AJ2698,AJ2698,1915 17,,,,ME,OXFORD,RUMFORD (2018),44 36 35.06770(N),070 33 43.30723(W),44.6097410278,-70.5620297861,143.974,NAD 83,(2011),2010.00,ADJUSTED,170.3,NAVD 88,,GPS OBS,-26.302,GEOID18,,,0.83,1.69,0.37,0.30,0.86,0.02320873,,,,1513596.211,-4289015.036,4456679.027,ME W,197440.456,868617.025,-0 16 39.6,0.99995620,19,4940785.723,376055.071,-1 05 49.6,0.99978892,A,1988,20080225,GOOD,MEDT,Y,DD = SURVEY DISK,66 = SET IN ROCK OUTCROP,1915 17 1988
,20260102,http://www.ngs.noaa.gov/cgi-bin/ds_mark.prl?PidBox=PE0497,PE0497,193,,,,ME,PENOBSCOT,CHEMO POND (2018),44 47 32.13   (N),068 35 00.22   (W),44.7922583333,-68.5833944444,,NAD 83,(1986),,HD_HELD1,58.817,NAVD 88,,ADJUSTED,-24.698,GEOID18,58.814,980566.3,,,,,,,,2,0,,,,ME E,125062.9,293401.6,,,,,,,,B,1900,1985,GOOD,USPSQD,,DD = SURVEY DISK,36 = SET IN A MASSIVE STRUCTURE,193 BANGOR JWE EID
,20260102,http://www.ngs.noaa.gov/cgi-bin/ds_mark.prl?PidBox=PE1509,PE1509,199,,,,ME,SOMERSET,NORRIDGEWOCK (2018),44 42 45.76   (N),069 47 19.90   (W),44.7127111111,-69.7888611111,,NAD 83,(1986),,HD_HELD1,61.363,NAVD 88,,ADJUSTED,-26.040,GEOID18,61.357,980535.1,,,,,,,,2,0,,,,ME W,208876.0,929936.3,,,,,,,,B,1903,1934,GOOD,CGS,,DD = SURVEY DISK,36 = SET IN A MASSIVE STRUCTURE,201.942 AUGUSTA 1903 199
,20260102,http://www.ngs.noaa.gov/cgi-bin/ds_mark.prl?PidBox=QG0232,QG0232,199,,,,ME,PENOBSCOT,LINCOLN CENTER (2018),45 28 27.     (N),068 23 08.     (W),45.4741666667,-68.3855555556,,NAD 83,(1986),,SCALED,60.608,NAVD 88,,ADJUSTED,-24.171,GEOID18,60.609,980633.1,,,,,,,,2,0,,,,ME E,200840.,308950.,,,,,,,,D,1904,1978,POOR,NGS,,DB = BENCH MARK DISK,9 = POST (STONE OR PRECAST CONCRETE),199 BANGOR
,20260102,http://www.ngs.noaa.gov/cgi-bin/ds_mark.prl?PidBox=RF0640,RF0640,2 JHS,,,,ME,AROOSTOOK,UGH LAKE (2018),46 38 16.     (N),069 31 19.     (W),46.6377777778,-69.5219444444,,NAD 83,(1986),,SCALED,331.768,NAVD 88,,ADJUSTED,-25.795,GEOID18,331.781,980643.9,,,,,,,,2,2,,,,ME E,330670.,221760.,,,,,,,,D,1984,1984,MONUMENTED,USGS-M,,DD = SURVEY DISK,15 = METAL ROD DRIVEN INTO GROUND. SEE TEXT FOR ADDITIONAL INFORMATION.,2 JHS 1984
,20260102,http://www.ngs.noaa.gov/cgi-bin/ds_mark.prl?PidBox=RF0600,RF0600,2 JHS USGS,,,,ME,AROOSTOOK,BIG MACHIAS LAKE (2018),46 41 50.     (N),068 50 10.     (W),46.6972222222,-68.8361111111,,NAD 83,(1986),,SCALED,295.491,NAVD 88,,ADJUSTED,-24.350,GEOID18,295.516,980688.5,,,,,,,,2,2,,,,ME E,336820.,274300.,,,,,,,,C,1983,1983,MONUMENTED,USGS-M,,DB = BENCH MARK DISK,80 = SET IN A BOULDER,2 JHS 1983
,20260102,http://www.ngs.noaa.gov/cgi-bin/ds_mark.prl?PidBox=OB0152,OB0152,2 M,,,,ME,SAGADAHOC,PHIPPSBURG (2018),43 51 00.     (N),069 46 41.     (W),43.8500000000,-69.7780555556,,NAD 83,(1986),,SCALED,12.156,NAVD 88,,ADJUSTED,-25.698,GEOID18,12.155,980523.9,,,,,,,,2,0,,,,ME W,113020.,931250.,,,,,,,,A,1941,20040507,GOOD,USPSQD,,DD = SURVEY DISK,66 = SET IN ROCK OUTCROP,2 M 1941 41
,20260102,http://www.ngs.noaa.gov/cgi-bin/ds_mark.prl?PidBox=QG1152,QG1152,2 S,,,,ME,PENOBSCOT,SEBOEIS (2018),45 16 15.     (N),068 41 22.     (W),45.2708333333,-68.6894444444,,NAD 83,(1986),,SCALED,49.804,NAVD 88,,ADJUSTED,-24.566,GEOID18,49.803,980609.8,,,,,,,,1,2,,,,ME E,178260.,285140.,,,,,,,,B,1940,1978,GOOD,NGS,,DB = BENCH MARK DISK,36 = SET IN A MASSIVE STRUCTURE,2 S 1940 164 FEET
,20260102,http://www.ngs.noaa.gov/cgi-bin/ds_mark.prl?PidBox=PE1150,PE1150,20,,,,ME,KENNEBEC,AUGUSTA (2018),44 19 01.78   (N),069 47 24.53   (W),44.3171611111,-69.7901472222,,NAD 83,(1986),,HD_HELD1,106.933,NAVD 88,,ADJUSTED,-25.885,GEOID18,106.923,980521.3,,,,,,,,2,0,,,,ME W,164922.6,930036.9,,,,,,,,D,1935,1974,MARK NOT FOUND,USGS,,DD = SURVEY DISK,9 = POST (STONE OR PRECAST CONCRETE),NO 20
,20260102,http://www.ngs.noaa.gov/cgi-bin/ds_mark.prl?PidBox=RF0658,RF0658,20 JHS,,,,ME,AROOSTOOK,BLUE BROOK (2018),46 48 46.     (N),069 28 15.     (W),46.8127777778,-69.4708333333,,NAD 83,(1986),,SCALED,377.154,NAVD 88,,ADJUSTED,-25.877,GEOID18,377.180,980672.6,,,,,,,,2,2,,,,ME E,350070.,225910.,,,,,,,,D,1984,1984,MONUMENTED,USGS-M,,DD = SURVEY DISK,15 = METAL ROD DRIVEN INTO GROUND. SEE TEXT FOR ADDITIONAL INFORMATION.,20 JHS 1984
,20260102,http://www.ngs.noaa.gov/cgi-bin/ds_mark.prl?PidBox=RF0620,RF0620,20 JHS USGS,,,,ME,AROOSTOOK,BIG BROOK LAKE (2018),46 51 04.     (N),069 01 25.     (W),46.8511111111,-69.0236111111,,NAD 83,(1986),,SCALED,378.020,NAVD 88,,ADJUSTED,-24.980,GEOID18,378.043,980663.9,,,,,,,,2,2,,,,ME E,354010.,260070.,,,,,,,,A,1983,1983,MONUMENTED,USGS-M,,DB = BENCH MARK DISK,66 = SET IN ROCK OUTCROP,20 JHS 1983
,20260102,http://www.ngs.noaa.gov/cgi-bin/ds_mark.prl?PidBox=OB0236,OB0236,20 M 47,,,,ME,CUMBERLAND,ORRS ISLAND (2018),43 49 20.     (N),069 55 07.     (W),43.8222222222,-69.9186111111,,NAD 83,(1986),,SCALED,14.085,NAVD 88,,ADJUSTED,-25.821,GEOID18,14.083,980521.6,,,,,,,,2,0,,,,ME W,109890.,919950.,,,,,,,,A,1941,1978,GOOD,LOCSUR,,DB = BENCH MARK DISK,66 = SET IN ROCK OUTCROP,20 M 1941 47
,20260102,http://www.ngs.noaa.gov/cgi-bin/ds_mark.prl?PidBox=OC1150,OC1150,200,,,,ME,CUMBERLAND,PORTLAND WEST (2018),43 38 46.6    (N),070 17 26.1    (W),43.6462777778,-70.2905833333,,NAD 83,(1986),,HD_HELD2,5.530,NAVD 88,,ADJUSTED,-26.168,GEOID18,5.529,980499.1,,,,,,,,2,1,,,,ME W,90320.,890003.,,,,,,,,B,UNK,20061127,GOOD,USPSQD,N,DD = SURVEY DISK,36 = SET IN A MASSIVE STRUCTURE,
,20260102,http://www.ngs.noaa.gov/cgi-bin/ds_mark.prl?PidBox=OC1151,OC1151,200 EAST,,,,ME,CUMBERLAND,PORTLAND WEST (2018),43 38 46.     (N),070 17 26.     (W),43.6461111111,-70.2905555556,,NAD 83,(1986),,SCALED,8.463,NAVD 88,,ADJUSTED,-26.168,GEOID18,8.462,980499.1,,,,,,,,2,1,,,,ME W,90300.,890010.,,,,,,,,B,1973,20061127,GOOD,USPSQD,Y,DD = SURVEY DISK,36 = SET IN A MASSIVE STRUCTURE,200 EAST 2-3-73
,20260102,http://www.ngs.noaa.gov/cgi-bin/ds_mark.prl?PidBox=OC1152,OC1152,200 WEST,,,,ME,CUMBERLAND,PORTLAND WEST (2018),43 38 46.     (N),070 17 26.     (W),43.6461111111,-70.2905555556,,NAD 83,(1986),,SCALED,8.421,NAVD 88,,ADJUSTED,-26.168,GEOID18,8.420,980499.1,,,,,,,,2,1,,,,ME W,90300.,890010.,,,,,,,,B,1973,19910226,GOOD,USPSQD,,DD = SURVEY DISK,36 = SET IN A MASSIVE STRUCTURE,200 WEST 2-3-73
,20260102,http://www.ngs.noaa.gov/cgi-bin/ds_mark.prl?PidBox=PE0893,PE0893,202,,,,ME,KNOX,CAMDEN (2018),44 12 32.68   (N),069 03 53.70   (W),44.2090777778,-69.0649166667,,NAD 83,(1986),,HD_HELD1,13.763,NAVD 88,,ADJUSTED,-25.138,GEOID18,13.761,980525.5,,,,,,,,2,0,,,,ME E,60417.0,254854.1,,,,,,,,D,1934,19930709,MARK NOT FOUND,LOCENG,,DD = SURVEY DISK,9 = POST (STONE OR PRECAST CONCRETE),202
,20260102,http://www.ngs.noaa.gov/cgi-bin/ds_mark.prl?PidBox=PE0143,PE0143,204,,,,ME,HANCOCK,BEECH HILL POND (2018),44 40 09.     (N),068 25 41.     (W),44.6691666667,-68.4280555556,,NAD 83,(1986),,SCALED,62.054,NAVD 88,,ADJUSTED,-24.621,GEOID18,62.051,980559.0,,,,,,,,2,0,,,,ME E,111390.,305710.,,,,,,,,C,1908,1935,GOOD,CGS,,DD = SURVEY DISK,80 = SET IN A BOULDER,ME 204
,20260102,http://www.ngs.noaa.gov/cgi-bin/ds_mark.prl?PidBox=PF0094,PF0094,204,,,,ME,ANDROSCOGGIN,LEWISTON (2018),44 04 01.7    (N),070 14 28.0    (W),44.0671388889,-70.2411111111,,NAD 83,(1986),,HD_HELD2,63.033,NAVD 88,,ADJUSTED,-26.369,GEOID18,63.026,980505.3,,,,,,,,1,1,,,,ME W,137076.,894036.,,,,,,,,D,1905,20090509,GOOD,GEOCAC,Y,DB = BENCH MARK DISK,9 = POST (STONE OR PRECAST CONCRETE),207.424 AUGUSTA MAINE 1905
,20260102,http://www.ngs.noaa.gov/cgi-bin/ds_mark.prl?PidBox=PE0142,PE0142,204 USGS RESET 1938,,,,ME,HANCOCK,BEECH HILL POND (2018),44 40 09.     (N),068 25 41.     (W),44.6691666667,-68.4280555556,,NAD 83,(1986),,SCALED,63.16,NAVD 88,,VERTCON3,-24.621,GEOID18,,,,,,,,,,,,,,,ME E,111390.,305710.,,,,,,,,C,1938,1938,MONUMENTED,MEHD,,DD = SURVEY DISK,80 = SET IN A BOULDER,RESET 1938
,20260102,http://www.ngs.noaa.gov/cgi-bin/ds_mark.prl?PidBox=PE1018,PE1018,206,,,,ME,KNOX,WEST ROCKPORT (2018),44 10 52.39   (N),069 08 04.81   (W),44.1812194444,-69.1346694444,,NAD 83,(1986),,HD_HELD1,62.937,NAVD 88,,ADJUSTED,-25.186,GEOID18,62.931,980514.5,,,,,,,,2,0,,,,ME E,57362.5,249255.8,,,,,,,,D,1934,1955,MARK NOT FOUND,CGS,,DD = SURVEY DISK,31 = SET IN A PAVEMENT SUCH AS STREET SIDEWALK CURB ETC.,206 FT
,20260102,http://www.ngs.noaa.gov/cgi-bin/ds_mark.prl?PidBox=PE1019,PE1019,206 MEGS RESET 1955,,,,ME,KNOX,WEST ROCKPORT (2018),44 10 52.     (N),069 08 07.     (W),44.1811111111,-69.1352777778,,NAD 83,(1986),,SCALED,62.93,NAVD 88,,VERTCON3,-25.187,GEOID18,,,,,,,,,,,,,,,ME E,57350.,249210.,,,,,,,,D,1955,19910606,MARK NOT FOUND,USPSQD,,DD = SURVEY DISK,30 = SET IN A LIGHT STRUCTURE,206 RESET 1955
,20260102,http://www.ngs.noaa.gov/cgi-bin/ds_mark.prl?PidBox=PD0069,PD0069,21,,,,ME,WASHINGTON,WHITING (2018),44 47 24.     (N),067 10 04.     (W),44.7900000000,-67.1677777778,,NAD 83,(1986),,SCALED,6.078,NAVD 88,,ADJUSTED,-22.513,GEOID18,6.078,980611.7,,,,,,,,2,0,,,,ME E,125670.,405410.,,,,,,,,A,1907,1946,GOOD,CGS,,DB = BENCH MARK DISK,66 = SET IN ROCK OUTCROP,MAINE 20 1907
,20260102,http://www.ngs.noaa.gov/cgi-bin/ds_mark.prl?PidBox=PE1201,PE1201,21,,,,ME,KENNEBEC,AUGUSTA (2018),44 18 39.18   (N),069 46 45.55   (W),44.3108833333,-69.7793194444,,NAD 83,(1986),,HD_HELD1,37.585,NAVD 88,,ADJUSTED,-25.882,GEOID18,37.581,980521.5,,,,,,,,2,0,,,,ME W,164229.1,930903.9,,,,,,,,C,1935,1974,MARK NOT FOUND,NGS,,DD = SURVEY DISK,7 = SET IN TOP OF CONCRETE MONUMENT,NO 21
,20260102,http://www.ngs.noaa.gov/cgi-bin/ds_mark.prl?PidBox=RF0659,RF0659,21 JHS,,,,ME,AROOSTOOK,BLUE BROOK (2018),46 49 12.     (N),069 27 07.     (W),46.8200000000,-69.4519444444,,NAD 83,(1986),,SCALED,384.418,NAVD 88,,ADJUSTED,-25.849,GEOID18,384.446,980674.3,,,,,,,,2,2,,,,ME E,350860.,227360.,,,,,,,,A,1984,1984,MONUMENTED,USGS-M,,DD = SURVEY DISK,66 = SET IN ROCK OUTCROP,21 JHS 1984
,20260102,http://www.ngs.noaa.gov/cgi-bin/ds_mark.prl?PidBox=RF0621,RF0621,21 JHS USGS,,,,ME,AROOSTOOK,BIG BROOK LAKE (2018),46 51 17.     (N),069 02 26.     (W),46.8547222222,-69.0405555556,,NAD 83,(1986),,SCALED,387.738,NAVD 88,,ADJUSTED,-25.022,GEOID18,387.763,980665.6,,,,,,,,2,2,,,,ME E,354420.,258780.,,,,,,,,C,1983,1983,MONUMENTED,USGS-M,,DB = BENCH MARK DISK,80 = SET IN A BOULDER,21 JHS 1983
,20260102,http://www.ngs.noaa.gov/cgi-bin/ds_mark.prl?PidBox=OB0231,OB0231,21 M 16,,,,ME,CUMBERLAND,ORRS ISLAND (2018),43 51 29.     (N),069 54 49.     (W),43.8580555556,-69.9136111111,,NAD 83,(1986),,SCALED,4.577,NAVD 88,,ADJUSTED,-25.835,GEOID18,4.576,980522.7,,,,,,,,2,0,,,,ME W,113870.,920340.,,,,,,,,B,1941,20040617,MARK NOT FOUND,USPSQD,,DB = BENCH MARK DISK,36 = SET IN A MASSIVE STRUCTURE,21 M 1941 16
,20260102,http://www.ngs.noaa.gov/cgi-bin/ds_mark.prl?PidBox=QG0052,QG0052,213,,,,ME,PENOBSCOT,MATTAWAMKEAG (2018),45 31 04.     (N),068 20 59.     (W),45.5177777778,-68.3497222222,,NAD 83,(1986),,SCALED,64.673,NAVD 88,,ADJUSTED,-24.127,GEOID18,64.674,980630.7,,,,,,,,1,2,,,,ME E,205690.,311740.,,,,,,,,B,1904,1978,MARK NOT FOUND,NGS,,DB = BENCH MARK DISK,36 = SET IN A MASSIVE STRUCTURE,213 BANGOR
,20260102,http://www.ngs.noaa.gov/cgi-bin/ds_mark.prl?PidBox=OC0130,OC0130,216,,,,ME,CUMBERLAND,NORTH WINDHAM (2018),43 45 04.     (N),070 27 48.     (W),43.7511111111,-70.4633333333,,NAD 83,(1986),,SCALED,65.712,NAVD 88,,ADJUSTED,-26.517,GEOID18,65.703,980485.4,,,,,,,,1,2,,,,ME W,102000.,876110.,,,,,,,,A,UNK,1976,POOR,NGS,,DD = SURVEY DISK,66 = SET IN ROCK OUTCROP,216
,20260102,http://www.ngs.noaa.gov/cgi-bin/ds_mark.prl?PidBox=QG0267,QG0267,217,,,,ME,PENOBSCOT,NINE MEADOW RIDGE (2018),45 26 00.24   (N),068 31 27.00   (W),45.4334000000,-68.5241666667,,NAD 83,(1986),,HD_HELD1,65.952,NAVD 88,,ADJUSTED,-24.355,GEOID18,65.952,980618.5,,,,,,,,1,2,,,,ME E,196305.3,298109.1,,,,,,,,B,UNK,1959,GOOD,CGS,,DD = SURVEY DISK,36 = SET IN A MASSIVE STRUCTURE,216.929
,20260102,http://www.ngs.noaa.gov/cgi-bin/ds_mark.prl?PidBox=PD0082,PD0082,22,,,,ME,WASHINGTON,WEST LUBEC (2018),44 46 10.     (N),067 04 25.     (W),44.7694444444,-67.0736111111,,NAD 83,(1986),,SCALED,6.558,NAVD 88,,ADJUSTED,-22.335,GEOID18,6.558,980624.7,,,,,,,,2,0,,,,ME E,123510.,412910.,,,,,,,,A,1907,1978,MARK NOT FOUND,NGS,,DD = SURVEY DISK,66 = SET IN ROCK OUTCROP,MAINE 1907 22 FT
,20260102,http://www.ngs.noaa.gov/cgi-bin/ds_mark.prl?PidBox=PE1202,PE1202,22,,,,ME,KENNEBEC,AUGUSTA (2018),44 18 26.42   (N),069 46 51.06   (W),44.3073388889,-69.7808500000,,NAD 83,(1986),,HD_HELD1,38.831,NAVD 88,,ADJUSTED,-25.883,GEOID18,38.828,980521.5,,,,,,,,2,0,,,,ME W,163834.6,930783.7,,,,,,,,D,1935,20021015,MARK NOT FOUND,USPSQD,,DD = SURVEY DISK,9 = POST (STONE OR PRECAST CONCRETE),NO 22
,20260102,http://www.ngs.noaa.gov/cgi-bin/ds_mark.prl?PidBox=RF0660,RF0660,22 JHS,,,,ME,AROOSTOOK,BLUE BROOK (2018),46 49 46.     (N),069 26 38.     (W),46.8294444444,-69.4438888889,,NAD 83,(1986),,SCALED,420.390,NAVD 88,,ADJUSTED,-25.840,GEOID18,420.422,980675.9,,,,,,,,2,2,,,,ME E,351900.,227990.,,,,,,,,D,1984,1984,MONUMENTED,USGS-M,,DD = SURVEY DISK,15 = METAL ROD DRIVEN INTO GROUND. SEE TEXT FOR ADDITIONAL INFORMATION.,22 JHS 1984
,20260102,http://www.ngs.noaa.gov/cgi-bin/ds_mark.prl?PidBox=RF0622,RF0622,22 JHS USGS,,,,ME,AROOSTOOK,BIG BROOK LAKE (2018),46 51 28.     (N),069 01 24.     (W),46.8577777778,-69.0233333333,,NAD 83,(1986),,SCALED,366.579,NAVD 88,,ADJUSTED,-24.994,GEOID18,366.601,980664.7,,,,,,,,2,2,,,,ME E,354750.,260100.,,,,,,,,C,1983,1983,MONUMENTED,USGS-M,,DB = BENCH MARK DISK,80 = SET IN A BOULDER,22 JHS 1983
,20260102,http://www.ngs.noaa.gov/cgi-bin/ds_mark.prl?PidBox=OB0227,OB0227,22 M 72,,,,ME,CUMBERLAND,BRUNSWICK (2018),43 52 57.     (N),069 55 01.     (W),43.8825000000,-69.9169444444,,NAD 83,(1986),,SCALED,21.830,NAVD 88,,ADJUSTED,-25.855,GEOID18,21.827,980522.9,,,,,,,,2,0,,,,ME W,116590.,920070.,,,,,,,,A,1941,20051114,GOOD,USPSQD,N,DB = BENCH MARK DISK,66 = SET IN ROCK OUTCROP,22 M 1941 72
,20260102,http://www.ngs.noaa.gov/cgi-bin/ds_mark.prl?PidBox=QG0283,QG0283,221,,,,ME,PENOBSCOT,LINCOLN WEST (2018),45 15 51.     (N),068 35 11.     (W),45.2641666667,-68.5863888889,,NAD 83,(1986),,SCALED,67.734,NAVD 88,,ADJUSTED,-24.489,GEOID18,67.733,980603.8,,,,,,,,2,0,,,,ME E,177500.,293220.,,,,,,,,D,1904,1987,GOOD,USPSQD,,DB = BENCH MARK DISK,9 = POST (STONE OR PRECAST CONCRETE),221 BANGOR
,20260102,http://www.ngs.noaa.gov/cgi-bin/ds_mark.prl?PidBox=QG0291,QG0291,223,,,,ME,PENOBSCOT,NINE MEADOW RIDGE (2018),45 22 39.05   (N),068 30 10.73   (W),45.3775138889,-68.5029805556,,NAD 83,(1986),,HD_HELD1,67.898,NAVD 88,,ADJUSTED,-24.374,GEOID18,67.898,980619.3,,,,,,,,2,0,,,,ME E,190094.5,299766.6,,,,,,,,D,1904,1935,GOOD,CGS,,DB = BENCH MARK DISK,9 = POST (STONE OR PRECAST CONCRETE),223 BANGOR
,20260102,http://www.ngs.noaa.gov/cgi-bin/ds_mark.prl?PidBox=QG0260,QG0260,223 USGS,,,,ME,PENOBSCOT,SEBOEIS (2018),45 21 34.31718(N),068 42 28.26516(W),45.3595325500,-68.7078514333,43.452,NAD 83,(2011),2010.00,ADJUSTED,67.994,NAVD 88,,ADJUSTED,-24.543,GEOID18,67.994,980621.9,0.76,1.57,0.35,0.26,0.80,0.12257257,,1,2,1630163.040,-4182845.528,4515544.186,ME E,188117.297,283716.018,-0 08 52.4,0.99989645,19,5022932.679,522881.317,+0 12 28.3,0.99960644,C,UNK,20001007,GOOD,MEDT,Y,DD = SURVEY DISK,80 = SET IN A BOULDER,223.910 6WA 1931
,20260102,http://www.ngs.noaa.gov/cgi-bin/ds_mark.prl?PidBox=QG1163,QG1163,224,,,,ME,PENOBSCOT,LINCOLN CENTER (2018),45 25 50.     (N),068 28 18.     (W),45.4305555556,-68.4716666667,,NAD 83,(1986),,SCALED,68.154,NAVD 88,,ADJUSTED,-24.300,GEOID18,68.154,980624.6,,,,,,,,1,2,,,,ME E,195990.,302220.,,,,,,,,C,UNK,1978,GOOD,NGS,,DB = BENCH MARK DISK,80 = SET IN A BOULDER,MAINE 224
,20260102,http://www.ngs.noaa.gov/cgi-bin/ds_mark.prl?PidBox=QG0263,QG0263,225,,,,ME,PENOBSCOT,SEBOEIS (2018),45 22 16.86   (N),068 39 07.73   (W),45.3713500000,-68.6521472222,,NAD 83,(1986),,HD_HELD1,68.485,NAVD 88,,ADJUSTED,-24.494,GEOID18,68.485,980623.4,,,,,,,,1,2,,,,ME E,189420.8,288082.6,,,,,,,,B,UNK,1916,GOOD,CGS,,DD = SURVEY DISK,36 = SET IN A MASSIVE STRUCTURE,225.272
,20260102,http://www.ngs.noaa.gov/cgi-bin/ds_mark.prl?PidBox=QG0226,QG0226,225,,,,ME,PENOBSCOT,LINCOLN CENTER (2018),45 24 57.     (N),068 28 29.     (W),45.4158333333,-68.4747222222,,NAD 83,(1986),,SCALED,68.726,NAVD 88,,ADJUSTED,-24.312,GEOID18,68.726,980620.9,,,,,,,,2,0,,,,ME E,194350.,301980.,,,,,,,,D,1904,1935,GOOD,CGS,,DB = BENCH MARK DISK,9 = POST (STONE OR PRECAST CONCRETE),225 BANGOR
,20260102,http://www.ngs.noaa.gov/cgi-bin/ds_mark.prl?PidBox=PF0110,PF0110,228,,,,ME,ANDROSCOGGIN,LAKE AUBURN EAST (2018),44 08 16.     (N),070 11 01.     (W),44.1377777778,-70.1836111111,,NAD 83,(1986),,SCALED,77.189,NAVD 88,,ADJUSTED,-26.275,GEOID18,77.180,980510.7,,,,,,,,1,1,,,,ME W,144920.,898640.,,,,,,,,B,1905,1966,GOOD,CGS,,DB = BENCH MARK DISK,36 = SET IN A MASSIVE STRUCTURE,253.205 AUGUSTA MAINE 1905
,20260102,http://www.ngs.noaa.gov/cgi-bin/ds_mark.prl?PidBox=QG0229,QG0229,229,,,,ME,PENOBSCOT,LINCOLN CENTER (2018),45 26 38.5    (N),068 25 43.3    (W),45.4440277778,-68.4286944444,,NAD 83,(1986),,HD_HELD2,69.910,NAVD 88,,ADJUSTED,-24.235,GEOID18,69.911,980630.5,,,,,,,,2,0,,,,ME E,197489.,305578.,,,,,,,,D,UNK,1978,POOR,NGS,,DB = BENCH MARK DISK,9 = POST (STONE OR PRECAST CONCRETE),229 BANGOR
,20260102,http://www.ngs.noaa.gov/cgi-bin/ds_mark.prl?PidBox=PE1197,PE1197,23,,,,ME,KENNEBEC,AUGUSTA (2018),44 17 13.58   (N),069 47 26.43   (W),44.2871055556,-69.7906750000,,NAD 83,(1986),,HD_HELD1,12.695,NAVD 88,,ADJUSTED,-25.890,GEOID18,12.694,980522.2,,,,,,,,2,0,,,,ME W,161582.8,930010.1,,,,,,,,D,1935,20021015,MARK NOT FOUND,USPSQD,,DD = SURVEY DISK,9 = POST (STONE OR PRECAST CONCRETE),NO 23
,20260102,http://www.ngs.noaa.gov/cgi-bin/ds_mark.prl?PidBox=RF0661,RF0661,23 JHS,,,,ME,AROOSTOOK,BLUE BROOK (2018),46 50 01.     (N),069 25 54.     (W),46.8336111111,-69.4316666667,,NAD 83,(1986),,SCALED,369.196,NAVD 88,,ADJUSTED,-25.825,GEOID18,369.223,980676.9,,,,,,,,2,2,,,,ME E,352350.,228930.,,,,,,,,D,1984,1984,MONUMENTED,USGS-M,,DD = SURVEY DISK,15 = METAL ROD DRIVEN INTO GROUND. SEE TEXT FOR ADDITIONAL INFORMATION.,23 JHS 1984
,20260102,http://www.ngs.noaa.gov/cgi-bin/ds_mark.prl?PidBox=RF0623,RF0623,23 JHS USGS,,,,ME,AROOSTOOK,BIG BROOK LAKE (2018),46 52 03.     (N),069 00 46.     (W),46.8675000000,-69.0127777778,,NAD 83,(1986),,SCALED,344.955,NAVD 88,,ADJUSTED,-24.992,GEOID18,344.976,980665.3,,,,,,,,2,2,,,,ME E,355820.,260910.,,,,,,,,B,1983,1983,MONUMENTED,USGS-M,,DB = BENCH MARK DISK,46 = COPPER-CLAD STEEL ROD W/O SLEEVE (10 FT.+),23 JHS 1983
,20260102,http://www.ngs.noaa.gov/cgi-bin/ds_mark.prl?PidBox=PE0855,PE0855,230,,,,ME,WALDO,BELFAST (2018),44 29 38.     (N),069 03 54.     (W),44.4938888889,-69.0650000000,,NAD 83,(1986),,SCALED,69.858,NAVD 88,,ADJUSTED,-25.182,GEOID18,69.852,980536.6,,,,,,,,2,0,,,,ME E,92060.,255070.,,,,,,,,C,1913,1944,GOOD,CGS,,DB = BENCH MARK DISK,80 = SET IN A BOULDER,MAINE 230
,20260102,http://www.ngs.noaa.gov/cgi-bin/ds_mark.prl?PidBox=QF0139,QF0139,238.3,,,,ME,WASHINGTON,CRAWFORD LAKE (2018),45 07 02.     (N),067 30 09.     (W),45.1172222222,-67.5025000000,,NAD 83,(1986),,SCALED,72.472,NAVD 88,,ADJUSTED,-23.537,GEOID18,72.470,980601.5,,,,,,,,2,0,,,,ME E,161650.,378480.,,,,,,,,C,UNK,1935,GOOD,CGS,,Q = CHISELED SQUARE,80 = SET IN A BOULDER,
,20260102,http://www.ngs.noaa.gov/cgi-bin/ds_mark.prl?PidBox=PD0107,PD0107,24,,,,ME,WASHINGTON,MACHIAS BAY (2018),44 40 27.     (N),067 15 54.     (W),44.6741666667,-67.2650000000,,NAD 83,(1986),,SCALED,7.056,NAVD 88,,ADJUSTED,-22.511,GEOID18,7.056,980610.1,,,,,,,,1,2,,,,ME E,112680.,397920.,,,,,,,,C,1917,20080606,POOR,ORBITE,,DD = SURVEY DISK,34 = SET IN THE FOOTINGS OF SMALL/MEDIUM STRUCTURES,ME 1917 24 FT
,20260102,http://www.ngs.noaa.gov/cgi-bin/ds_mark.prl?PidBox=PE1190,PE1190,24,,,,ME,KENNEBEC,AUGUSTA (2018),44 17 05.65   (N),069 47 29.64   (W),44.2849027778,-69.7915666667,,NAD 83,(1986),,HD_HELD1,11.290,NAVD 88,,ADJUSTED,-25.890,GEOID18,11.288,980522.3,,,,,,,,2,0,,,,ME W,161337.7,929940.0,,,,,,,,D,1935,1974,MARK NOT FOUND,NGS,,DD = SURVEY DISK,9 = POST (STONE OR PRECAST CONCRETE),NO 24
,20260102,http://www.ngs.noaa.gov/cgi-bin/ds_mark.prl?PidBox=OC0568,OC0568,24 ATF,,,,ME,OXFORD,KEZAR FALLS (2018),43 47 37.24459(N),070 59 20.93446(W),43.7936790528,-70.9891484611,,NAD 83,(1996),,ADJUSTED,122.230,NAVD 88,,ADJUSTED,-27.193,GEOID18,122.210,980449.1,,,,,,,2,1,2,,,,ME W,107018.565,833805.802,-0 34 09.2,1.00000564,19,4850880.535,339968.780,-1 22 36.9,0.99991500,D,1929,20040612,POOR,GEOCAC,,DD = SURVEY DISK,9 = POST (STONE OR PRECAST CONCRETE),24 ATF
,20260102,http://www.ngs.noaa.gov/cgi-bin/ds_mark.prl?PidBox=OC2762,OC2762,24 ATF AZ MK,,,,ME,OXFORD,KEZAR FALLS (2018),43 47 40.16264(N),070 59 03.56376(W),43.7944896222,-70.9843232667,,NAD 83,(1996),,ADJUSTED,118.0,NAVD 88,,VERTCON3,-27.189,GEOID18,,,,,,,,,2,,,,,,ME W,107104.776,834195.029,-0 33 57.2,1.00000566,19,4850961.243,340359.143,-1 22 24.9,0.99991347,C,1976,20040424,GOOD,GEOCAC,N,DR = REFERENCE MARK DISK,7 = SET IN TOP OF CONCRETE MONUMENT,24 ATF AZ 1976
,20260102,http://www.ngs.noaa.gov/cgi-bin/ds_mark.prl?PidBox=RF0662,RF0662,24 JHS,,,,ME,AROOSTOOK,BLUE BROOK (2018),46 50 11.     (N),069 24 58.     (W),46.8363888889,-69.4161111111,,NAD 83,(1986),,SCALED,299.519,NAVD 88,,ADJUSTED,-25.803,GEOID18,299.541,980678.0,,,,,,,,2,2,,,,ME E,352650.,230120.,,,,,,,,A,1984,1984,MONUMENTED,USGS-M,,DD = SURVEY DISK,66 = SET IN ROCK OUTCROP,24 JHS 1984
,20260102,http://www.ngs.noaa.gov/cgi-bin/ds_mark.prl?PidBox=RF0624,RF0624,24 JHS USGS,,,,ME,AROOSTOOK,MCKEEN LAKE (2018),46 52 56.     (N),069 00 27.     (W),46.8822222222,-69.0075000000,,NAD 83,(1986),,SCALED,366.667,NAVD 88,,ADJUSTED,-25.010,GEOID18,366.690,980666.9,,,,,,,,2,2,,,,ME E,357460.,261320.,,,,,,,,C,1983,1983,MONUMENTED,USGS-M,,DB = BENCH MARK DISK,80 = SET IN A BOULDER,24 JHS 1983
,20260102,http://www.ngs.noaa.gov/cgi-bin/ds_mark.prl?PidBox=PE0028,PE0028,24 USGS,,,,ME,HANCOCK,ELLSWORTH (2018),44 32 35.     (N),068 25 18.     (W),44.5430555556,-68.4216666667,,NAD 83,(1986),,SCALED,7.219,NAVD 88,,ADJUSTED,-24.519,GEOID18,7.218,980567.5,,,,,,,,1,1,,,,ME E,97370.,306230.,,,,,,,,B,1908,20240813,POOR,PATRIO,N,DB = BENCH MARK DISK,36 = SET IN A MASSIVE STRUCTURE,24.341 BANGOR
,20260102,http://www.ngs.noaa.gov/cgi-bin/ds_mark.prl?PidBox=PD0175,PD0175,24+06,,,,ME,WASHINGTON,PORCUPINE MOUNTAIN (2018),44 55 46.     (N),067 15 42.     (W),44.9294444444,-67.2616666667,,NAD 83,(1986),,SCALED,44.446,NAVD 88,,ADJUSTED,-22.968,GEOID18,44.445,980596.5,,,,,,,,1,1,,,,ME E,141050.,397750.,,,,,,,,A,UNK,1978,GOOD,DMA,,W = UNMONUMENTED,66 = SET IN ROCK OUTCROP,
,20260102,http://www.ngs.noaa.gov/cgi-bin/ds_mark.prl?PidBox=QG0287,QG0287,241,,,,ME,PENOBSCOT,LINCOLN WEST (2018),45 20 28.     (N),068 32 05.     (W),45.3411111111,-68.5347222222,,NAD 83,(1986),,SCALED,73.656,NAVD 88,,ADJUSTED,-24.424,GEOID18,73.655,980604.0,,,,,,,,2,0,,,,ME E,186050.,297280.,,,,,,,,D,UNK,1935,GOOD,CGS,,DB = BENCH MARK DISK,9 = POST (STONE OR PRECAST CONCRETE),241
,20260102,http://www.ngs.noaa.gov/cgi-bin/ds_mark.prl?PidBox=QG0380,QG0380,241,,,,ME,PENOBSCOT,HOWLAND (2018),45 14 01.     (N),068 44 04.     (W),45.2336111111,-68.7344444444,,NAD 83,(1986),,SCALED,73.591,NAVD 88,,ADJUSTED,-24.600,GEOID18,73.590,980602.9,,,,,,,,2,0,,,,ME E,174130.,281590.,,,,,,,,C,UNK,1942,GOOD,CGS,,DD = SURVEY DISK,80 = SET IN A BOULDER,241
,20260102,http://www.ngs.noaa.gov/cgi-bin/ds_mark.prl?PidBox=AJ2699,AJ2699,241 13 13,,,,ME,PISCATAQUIS,GUILFORD (2018),45 07 39.20776(N),069 26 17.20711(W),45.1275577111,-69.4381130861,151.944,NAD 83,(2011),2010.00,ADJUSTED,177.0,NAVD 88,,GPS OBS,-25.124,GEOID18,,,0.88,1.57,0.40,0.30,0.80,0.09348398,,,,1583176.488,-4220495.065,4497468.779,ME E,162746.134,226204.447,-0 39 53.5,0.99994312,19,4997213.955,465546.690,-0 18 37.7,0.99961460,C,1983,20001107,GOOD,MEDT,Y,DD = SURVEY DISK,80 = SET IN A BOULDER,241 13 13 1983
,20260102,http://www.ngs.noaa.gov/cgi-bin/ds_mark.prl?PidBox=QG0285,QG0285,242,,,,ME,PENOBSCOT,LINCOLN WEST (2018),45 18 21.     (N),068 34 04.     (W),45.3058333333,-68.5677777778,,NAD 83,(1986),,SCALED,74.102,NAVD 88,,ADJUSTED,-24.466,GEOID18,74.101,980608.3,,,,,,,,2,0,,,,ME E,182130.,294690.,,,,,,,,D,UNK,1935,GOOD,CGS,,DB = BENCH MARK DISK,9 = POST (STONE OR PRECAST CONCRETE),242 BANGOR
,20260102,http://www.ngs.noaa.gov/cgi-bin/ds_mark.prl?PidBox=AJ2700,AJ2700,2483,,,,ME,OXFORD,BETHEL (2018),44 24 34.52403(N),070 47 58.43702(W),44.4095900083,-70.7995658389,169.584,NAD 83,(2011),2010.00,ADJUSTED,196.3,NAVD 88,,GPS OBS,-26.676,GEOID18,,,0.70,1.33,0.32,0.24,0.68,0.04591681,,,,1500935.765,-4309995.253,4440835.667,ME W,175318.773,849589.743,-0 26 34.4,0.99997132,19,4918941.610,356717.141,-1 15 34.3,0.99985248,C,1995,20090528,GOOD,MEDT,Y,DD = SURVEY DISK,32 = SET IN A RETAINING WALL OR CONCRETE LEDGE,2483 1985
,20260102,http://www.ngs.noaa.gov/cgi-bin/ds_mark.prl?PidBox=PD0229,PD0229,25,,,,ME,WASHINGTON,MACHIAS (2018),44 40 10.     (N),067 27 55.     (W),44.6694444444,-67.4652777778,,NAD 83,(1986),,SCALED,7.449,NAVD 88,,ADJUSTED,-22.916,GEOID18,7.449,980602.1,,,,,,,,2,0,,,,ME E,111930.,382040.,,,,,,,,A,1917,1962,GOOD,CGS,,DD = SURVEY DISK,66 = SET IN ROCK OUTCROP,25 ME 1917
,20260102,http://www.ngs.noaa.gov/cgi-bin/ds_mark.prl?PidBox=PE1182,PE1182,25,,,,ME,KENNEBEC,GARDINER (2018),44 13 45.     (N),069 46 23.     (W),44.2291666667,-69.7730555556,,NAD 83,(1986),,SCALED,7.515,NAVD 88,,ADJUSTED,-25.876,GEOID18,7.515,980522.7,,,,,,,,2,0,,,,ME W,155150.,931450.,,,,,,,,D,1905,20060210,MARK NOT FOUND,USPSQD,,DD = SURVEY DISK,30 = SET IN A LIGHT STRUCTURE,
,20260102,http://www.ngs.noaa.gov/cgi-bin/ds_mark.prl?PidBox=RF0663,RF0663,25 JHS,,,,ME,AROOSTOOK,BLUE BROOK (2018),46 50 13.     (N),069 24 19.     (W),46.8369444444,-69.4052777778,,NAD 83,(1986),,SCALED,294.018,NAVD 88,,ADJUSTED,-25.788,GEOID18,294.040,980678.5,,,,,,,,2,2,,,,ME E,352700.,230950.,,,,,,,,D,1984,1984,MONUMENTED,USGS-M,,DD = SURVEY DISK,15 = METAL ROD DRIVEN INTO GROUND. SEE TEXT FOR ADDITIONAL INFORMATION.,25 JHS 1984
,20260102,http://www.ngs.noaa.gov/cgi-bin/ds_mark.prl?PidBox=RF0625,RF0625,25 JHS USGS,,,,ME,AROOSTOOK,MCKEEN LAKE (2018),46 53 27.     (N),069 00 01.     (W),46.8908333333,-69.0002777778,,NAD 83,(1986),,SCALED,327.506,NAVD 88,,ADJUSTED,-25.011,GEOID18,327.526,980667.7,,,,,,,,2,2,,,,ME E,358410.,261880.,,,,,,,,B,1983,1983,MONUMENTED,USGS-M,,DB = BENCH MARK DISK,46 = COPPER-CLAD STEEL ROD W/O SLEEVE (10 FT.+),25 JHS 1983
,20260102,http://www.ngs.noaa.gov/cgi-bin/ds_mark.prl?PidBox=PE1183,PE1183,25 USGS RESET 1955,,,,ME,KENNEBEC,GARDINER (2018),44 13 45.     (N),069 46 22.     (W),44.2291666667,-69.7727777778,,NAD 83,(1986),,SCALED,7.735,NAVD 88,,ADJUSTED,-25.876,GEOID18,7.735,980522.7,,,,,,,,2,0,,,,ME W,155150.,931470.,,,,,,,,B,1955,20060210,GOOD,USPSQD,,DD = SURVEY DISK,36 = SET IN A MASSIVE STRUCTURE,RESET 1955
,20260102,http://www.ngs.noaa.gov/cgi-bin/ds_mark.prl?PidBox=QG0264,QG0264,253,,,,ME,PENOBSCOT,NINE MEADOW RIDGE (2018),45 23 52.75   (N),068 35 40.55   (W),45.3979861111,-68.5945972222,,NAD 83,(1986),,HD_HELD1,77.070,NAVD 88,,ADJUSTED,-24.435,GEOID18,77.071,980623.4,,,,,,,,2,0,,,,ME E,192373.9,292593.9,,,,,,,,C,UNK,1959,GOOD,CGS,,DD = SURVEY DISK,32 = SET IN A RETAINING WALL OR CONCRETE LEDGE,
,20260102,http://www.ngs.noaa.gov/cgi-bin/ds_mark.prl?PidBox=QG0584,QG0584,256,,,,ME,PENOBSCOT,MATTASEUNK LAKE (2018),45 35 43.     (N),068 29 34.     (W),45.5952777778,-68.4927777778,,NAD 83,(1986),,SCALED,77.966,NAVD 88,,ADJUSTED,-24.246,GEOID18,77.966,980628.8,,,,,,,,2,0,,,,ME E,214300.,300560.,,,,,,,,C,1904,1935,GOOD,CGS,,DB = BENCH MARK DISK,80 = SET IN A BOULDER,256 BANGOR
,20260102,http://www.ngs.noaa.gov/cgi-bin/ds_mark.prl?PidBox=RF0362,RF0362,257 R,,,,ME,AROOSTOOK,BURNTLAND POND (2018),46 42 02.     (N),069 59 57.     (W),46.7005555556,-69.9991666667,,NAD 83,(1986),,SCALED,361.479,NAVD 88,,ADJUSTED,-26.424,GEOID18,361.491,980638.7,,,,,,,,1,2,,,,ME E,338230.,185360.,,,,,,,,B,UNK,1953,GOOD,CGS,,DD = SURVEY DISK,36 = SET IN A MASSIVE STRUCTURE,257 R
,20260102,http://www.ngs.noaa.gov/cgi-bin/ds_mark.prl?PidBox=RF0361,RF0361,258 R,,,,ME,AROOSTOOK,BURNTLAND POND (2018),46 41 51.     (N),069 59 44.     (W),46.6975000000,-69.9955555556,,NAD 83,(1986),,SCALED,359.207,NAVD 88,,ADJUSTED,-26.423,GEOID18,359.220,980638.4,,,,,,,,2,0,,,,ME E,337890.,185630.,,,,,,,,D,UNK,1953,GOOD,CGS,,DD = SURVEY DISK,30 = SET IN A LIGHT STRUCTURE,258 R
,20260102,http://www.ngs.noaa.gov/cgi-bin/ds_mark.prl?PidBox=RF0315,RF0315,259 R,,,,ME,AROOSTOOK,BURNTLAND POND (2018),46 41 55.     (N),069 59 40.     (W),46.6986111111,-69.9944444444,,NAD 83,(1986),,SCALED,363.088,NAVD 88,,ADJUSTED,-26.423,GEOID18,363.100,980638.5,,,,,,,,2,0,,,,ME E,338010.,185710.,,,,,,,,D,UNK,1953,GOOD,CGS,,DD = SURVEY DISK,30 = SET IN A LIGHT STRUCTURE,259 R
,20260102,http://www.ngs.noaa.gov/cgi-bin/ds_mark.prl?PidBox=RF0664,RF0664,26 JHS,,,,ME,AROOSTOOK,BLUE BROOK (2018),46 50 20.     (N),069 23 34.     (W),46.8388888889,-69.3927777778,,NAD 83,(1986),,SCALED,325.652,NAVD 88,,ADJUSTED,-25.771,GEOID18,325.676,980679.2,,,,,,,,2,2,,,,ME E,352900.,231900.,,,,,,,,A,1984,1984,MONUMENTED,USGS-M,,DD = SURVEY DISK,66 = SET IN ROCK OUTCROP,26 JHS 1984
,20260102,http://www.ngs.noaa.gov/cgi-bin/ds_mark.prl?PidBox=RF0626,RF0626,26 JHS USGS,,,,ME,AROOSTOOK,GARDNER POND (2018),46 54 10.     (N),068 59 55.     (W),46.9027777778,-68.9986111111,,NAD 83,(1986),,SCALED,328.532,NAVD 88,,ADJUSTED,-25.030,GEOID18,328.553,980668.5,,,,,,,,2,2,,,,ME E,359740.,262010.,,,,,,,,A,1983,1983,MONUMENTED,USGS-M,,DB = BENCH MARK DISK,66 = SET IN ROCK OUTCROP,26 JHS 1983
,20260102,http://www.ngs.noaa.gov/cgi-bin/ds_mark.prl?PidBox=RF0518,RF0518,26 W USGS,,,,ME,AROOSTOOK,KNOWLES CORNER (2018),46 14 18.     (N),068 20 32.     (W),46.2383333333,-68.3422222222,,NAD 83,(1986),,SCALED,291.467,NAVD 88,,ADJUSTED,-23.811,GEOID18,291.478,980642.9,,,,,,,,1,2,,,,ME E,285780.,312170.,,,,,,,,C,1940,1978,GOOD,NGS,,DB = BENCH MARK DISK,80 = SET IN A BOULDER,26 W 1940
,20260102,http://www.ngs.noaa.gov/cgi-bin/ds_mark.prl?PidBox=AJ2701,AJ2701,2630 10,,,,ME,HANCOCK,BUCKSPORT (2018),44 33 51.85274(N),068 47 27.57263(W),44.5644035389,-68.7909923972,3.951,NAD 83,(2011),2010.00,ADJUSTED,29.0,NAVD 88,,GPS OBS,-25.037,GEOID18,,,0.83,1.59,0.38,0.28,0.81,0.05208329,,,,1646670.796,-4243391.961,4452992.655,ME E,99782.796,276885.303,-0 12 15.1,0.99990595,19,4934584.250,516597.333,+0 08 48.0,0.99960339,C,1992,20110831,GOOD,USGS,N,DD = SURVEY DISK,7 = SET IN TOP OF CONCRETE MONUMENT,2630 10 1992
,20260102,http://www.ngs.noaa.gov/cgi-bin/ds_mark.prl?PidBox=PE1180,PE1180,27,,,,ME,KENNEBEC,GARDINER (2018),44 13 38.96   (N),069 46 29.71   (W),44.2274888889,-69.7749194444,,NAD 83,(1986),,HD_HELD1,36.920,NAVD 88,,ADJUSTED,-25.877,GEOID18,36.916,980523.1,,,,,,,,2,0,,,,ME W,154964.4,931299.2,,,,,,,,D,1935,20060210,POOR,USPSQD,,DD = SURVEY DISK,9 = POST (STONE OR PRECAST CONCRETE),NO 27
,20260102,http://www.ngs.noaa.gov/cgi-bin/ds_mark.prl?PidBox=RF0665,RF0665,27 JHS,,,,ME,AROOSTOOK,BLUE BROOK (2018),46 50 59.     (N),069 23 42.     (W),46.8497222222,-69.3950000000,,NAD 83,(1986),,SCALED,351.701,NAVD 88,,ADJUSTED,-25.776,GEOID18,351.728,980680.4,,,,,,,,2,2,,,,ME E,354110.,231750.,,,,,,,,A,1984,1984,MONUMENTED,USGS-M,,DD = SURVEY DISK,66 = SET IN ROCK OUTCROP,27 JHS 1984
,20260102,http://www.ngs.noaa.gov/cgi-bin/ds_mark.prl?PidBox=RF0627,RF0627,27 JHS USGS,,,,ME,AROOSTOOK,MCKEEN LAKE (2018),46 54 57.     (N),069 00 13.     (W),46.9158333333,-69.0036111111,,NAD 83,(1986),,SCALED,356.079,NAVD 88,,ADJUSTED,-25.065,GEOID18,356.103,980670.9,,,,,,,,2,2,,,,ME E,361190.,261640.,,,,,,,,C,1983,1983,MONUMENTED,USGS-M,,DB = BENCH MARK DISK,80 = SET IN A BOULDER,27 JHS 1983
,20260102,http://www.ngs.noaa.gov/cgi-bin/ds_mark.prl?PidBox=OC0524,OC0524,27.6,,,,ME,YORK,WELLS (2018),43 21 17.     (N),070 30 19.     (W),43.3547222222,-70.5052777778,,NAD 83,(1986),,SCALED,7.603,NAVD 88,,ADJUSTED,-26.385,GEOID18,7.602,980476.7,,,,,,,,2,0,,,,ME W,57980.,872550.,,,,,,,,C,UNK,1988,MARK NOT FOUND,USPSQD,,Q = CHISELED SQUARE,80 = SET IN A BOULDER,
,20260102,http://www.ngs.noaa.gov/cgi-bin/ds_mark.prl?PidBox=PE1271,PE1271,275,,,,ME,KENNEBEC,PALERMO (2018),44 29 39.     (N),069 29 15.     (W),44.4941666667,-69.4875000000,,NAD 83,(1986),,SCALED,83.571,NAVD 88,,ADJUSTED,-25.528,GEOID18,83.564,980543.6,,,,,,,,2,0,,,,ME W,184750.,954020.,,,,,,,,C,1913,1935,GOOD,CGS,,DD = SURVEY DISK,80 = SET IN A BOULDER,MAINE 275
,20260102,http://www.ngs.noaa.gov/cgi-bin/ds_mark.prl?PidBox=PF0114,PF0114,275,,,,ME,ANDROSCOGGIN,LAKE AUBURN EAST (2018),44 10 25.     (N),070 09 08.     (W),44.1736111111,-70.1522222222,,NAD 83,(1986),,SCALED,82.610,NAVD 88,,ADJUSTED,-26.227,GEOID18,82.600,980506.7,,,,,,,,1,1,,,,ME W,148900.,901160.,,,,,,,,B,1905,20220415,GOOD,INDIV,Y,DB = BENCH MARK DISK,36 = SET IN A MASSIVE STRUCTURE,271.856 AUGUSTA MAINE 1905
,20260102,http://www.ngs.noaa.gov/cgi-bin/ds_mark.prl?PidBox=QG0585,QG0585,279,,,,ME,PENOBSCOT,MEDUNKEUNK LAKE (2018),45 36 30.     (N),068 32 19.     (W),45.6083333333,-68.5386111111,,NAD 83,(1986),,SCALED,84.860,NAVD 88,,ADJUSTED,-24.270,GEOID18,84.861,980629.6,,,,,,,,2,0,,,,ME E,215750.,296990.,,,,,,,,C,1904,1959,GOOD,CGS,,DB = BENCH MARK DISK,80 = SET IN A BOULDER,279 BANGOR
,20260102,http://www.ngs.noaa.gov/cgi-bin/ds_mark.prl?PidBox=PE1178,PE1178,28,,,,ME,KENNEBEC,GARDINER (2018),44 13 34.72   (N),069 46 31.46   (W),44.2263111111,-69.7754055556,,NAD 83,(1986),,HD_HELD1,36.885,NAVD 88,,ADJUSTED,-25.876,GEOID18,36.881,980523.1,,,,,,,,2,0,,,,ME W,154833.4,931261.0,,,,,,,,D,1934,20060210,MARK NOT FOUND,USPSQD,,DD = SURVEY DISK,9 = POST (STONE OR PRECAST CONCRETE),28 NO
,20260102,http://www.ngs.noaa.gov/cgi-bin/ds_mark.prl?PidBox=OC0015,OC0015,28 C OF P,,,,ME,CUMBERLAND,PORTLAND WEST (2018),43 39 42.     (N),070 16 12.     (W),43.6616666667,-70.2700000000,,NAD 83,(1986),,SCALED,5.414,NAVD 88,,ADJUSTED,-26.155,GEOID18,5.414,980499.8,,,,,,,,1,1,,,,ME W,92030.,891670.,,,,,,,,C,UNK,1990,MARK NOT FOUND,USPSQD,,B = BOLT,7 = SET IN TOP OF CONCRETE MONUMENT,
,20260102,http://www.ngs.noaa.gov/cgi-bin/ds_mark.prl?PidBox=RF0666,RF0666,28 JHS,,,,ME,AROOSTOOK,BLUE BROOK (2018),46 51 53.     (N),069 23 37.     (W),46.8647222222,-69.3936111111,,NAD 83,(1986),,SCALED,392.804,NAVD 88,,ADJUSTED,-25.777,GEOID18,392.835,980682.3,,,,,,,,2,2,,,,ME E,355770.,231870.,,,,,,,,A,1984,1984,MONUMENTED,USGS-M,,DD = SURVEY DISK,66 = SET IN ROCK OUTCROP,28 JHS 1984
,20260102,http://www.ngs.noaa.gov/cgi-bin/ds_mark.prl?PidBox=RF0628,RF0628,28 JHS USGS,,,,ME,AROOSTOOK,MCKEEN LAKE (2018),46 55 30.     (N),069 00 30.     (W),46.9250000000,-69.0083333333,,NAD 83,(1986),,SCALED,300.502,NAVD 88,,ADJUSTED,-25.094,GEOID18,300.522,980672.3,,,,,,,,2,2,,,,ME E,362210.,261290.,,,,,,,,C,1983,1983,MONUMENTED,USGS-M,,DB = BENCH MARK DISK,80 = SET IN A BOULDER,28 JHS 1983
,20260102,http://www.ngs.noaa.gov/cgi-bin/ds_mark.prl?PidBox=PF0142,PF0142,280,,,,ME,ANDROSCOGGIN,WAYNE (2018),44 19 07.     (N),070 07 17.     (W),44.3186111111,-70.1213888889,,NAD 83,(1986),,SCALED,85.073,NAVD 88,,ADJUSTED,-26.175,GEOID18,85.065,980521.8,,,,,,,,2,0,,,,ME W,165020.,903610.,,,,,,,,B,1910,1935,GOOD,CGS,,DB = BENCH MARK DISK,36 = SET IN A MASSIVE STRUCTURE,280
,20260102,http://www.ngs.noaa.gov/cgi-bin/ds_mark.prl?PidBox=QG0575,QG0575,284,,,,ME,PENOBSCOT,EAST MILLINOCKET (2018),45 38 22.69   (N),068 32 36.39   (W),45.6396361111,-68.5434416667,,NAD 83,(1986),,HD_HELD1,86.554,NAVD 88,,ADJUSTED,-24.258,GEOID18,86.555,980632.1,,,,,,,,2,0,,,,ME E,219225.2,296613.4,,,,,,,,C,1908,1959,GOOD,CGS,,DB = BENCH MARK DISK,80 = SET IN A BOULDER,284
,20260102,http://www.ngs.noaa.gov/cgi-bin/ds_mark.prl?PidBox=PE0150,PE0150,286,,,,ME,PENOBSCOT,CHEMO POND (2018),44 49 01.     (N),068 30 46.     (W),44.8169444444,-68.5127777778,,NAD 83,(1986),,SCALED,86.887,NAVD 88,,ADJUSTED,-24.611,GEOID18,86.883,980569.4,,,,,,,,2,0,,,,ME E,127800.,298990.,,,,,,,,A,1908,20150509,GOOD,INDIV,N,B = BOLT,66 = SET IN ROCK OUTCROP,
,20260102,http://www.ngs.noaa.gov/cgi-bin/ds_mark.prl?PidBox=OC0530,OC0530,287,,,,ME,CUMBERLAND,SEBAGO LAKE (2018),43 45 49.     (N),070 31 37.     (W),43.7636111111,-70.5269444444,,NAD 83,(1986),,SCALED,87.484,NAVD 88,,ADJUSTED,-26.635,GEOID18,87.472,980479.0,,,,,,,,1,2,,,,ME W,103410.,870990.,,,,,,,,A,1906,1976,GOOD,NGS,,DD = SURVEY DISK,66 = SET IN ROCK OUTCROP,287 MAINE
,20260102,http://www.ngs.noaa.gov/cgi-bin/ds_mark.prl?PidBox=PE1034,PE1034,288,,,,ME,KNOX,RAZORVILLE (2018),44 15 04.     (N),069 24 38.     (W),44.2511111111,-69.4105555556,,NAD 83,(1986),,SCALED,87.641,NAVD 88,,ADJUSTED,-25.474,GEOID18,87.633,980520.4,,,,,,,,2,0,,,,ME E,65340.,227280.,,,,,,,,A,1913,1935,GOOD,CGS,,DB = BENCH MARK DISK,66 = SET IN ROCK OUTCROP,288 MAINE
,20260102,http://www.ngs.noaa.gov/cgi-bin/ds_mark.prl?PidBox=OC0016,OC0016,29 C OF P,,,,ME,CUMBERLAND,PORTLAND WEST (2018),43 39 47.     (N),070 16 19.     (W),43.6630555556,-70.2719444444,,NAD 83,(1986),,SCALED,5.662,NAVD 88,,ADJUSTED,-26.159,GEOID18,5.662,980499.5,,,,,,,,1,1,,,,ME W,92180.,891510.,,,,,,,,C,UNK,1990,MARK NOT FOUND,USPSQD,,B = BOLT,7 = SET IN TOP OF CONCRETE MONUMENT,
,20260102,http://www.ngs.noaa.gov/cgi-bin/ds_mark.prl?PidBox=RF0667,RF0667,29 JHS,,,,ME,AROOSTOOK,BIG BLACK RAPIDS (2018),46 52 37.     (N),069 24 10.     (W),46.8769444444,-69.4027777778,,NAD 83,(1986),,SCALED,398.551,NAVD 88,,ADJUSTED,-25.797,GEOID18,398.583,980683.4,,,,,,,,2,2,,,,ME E,357140.,231190.,,,,,,,,A,1984,1984,MONUMENTED,USGS-M,,DD = SURVEY DISK,66 = SET IN ROCK OUTCROP,29 JHS 1984
,20260102,http://www.ngs.noaa.gov/cgi-bin/ds_mark.prl?PidBox=RF0629,RF0629,29 JHS USGS,,,,ME,AROOSTOOK,MCKEEN LAKE (2018),46 56 00.     (N),069 00 58.     (W),46.9333333333,-69.0161111111,,NAD 83,(1986),,SCALED,259.929,NAVD 88,,ADJUSTED,-25.127,GEOID18,259.946,980674.0,,,,,,,,2,2,,,,ME E,363140.,260700.,,,,,,,,B,1983,1983,MONUMENTED,USGS-M,,DB = BENCH MARK DISK,46 = COPPER-CLAD STEEL ROD W/O SLEEVE (10 FT.+),29 JHS 1983
,20260102,http://www.ngs.noaa.gov/cgi-bin/ds_mark.prl?PidBox=PE0129,PE0129,292.6,,,,ME,HANCOCK,AMHERST (2018),44 47 02.     (N),068 19 30.     (W),44.7838888889,-68.3250000000,,NAD 83,(1986),,SCALED,89.04,NAVD 88,,VERTCON3,-24.436,GEOID18,,,,,,,,,,,,,,,ME E,124140.,313850.,,,,,,,,C,UNK,1953,GOOD,CGS,,Q = CHISELED SQUARE,80 = SET IN A BOULDER,
,20260102,http://www.ngs.noaa.gov/cgi-bin/ds_mark.prl?PidBox=PF0118,PF0118,293,,,,ME,ANDROSCOGGIN,LAKE AUBURN EAST (2018),44 11 38.     (N),070 07 58.     (W),44.1938888889,-70.1327777778,,NAD 83,(1986),,SCALED,88.961,NAVD 88,,ADJUSTED,-26.199,GEOID18,88.952,980511.8,,,,,,,,1,1,,,,ME W,151160.,902710.,,,,,,,,A,1905,1966,GOOD,CGS,,DB = BENCH MARK DISK,66 = SET IN ROCK OUTCROP,AUGUSTA MAINE 293 1905
,20260102,http://www.ngs.noaa.gov/cgi-bin/ds_mark.prl?PidBox=QG0190,QG0190,293,,,,ME,PENOBSCOT,LINCOLN CENTER (2018),45 22 36.     (N),068 27 42.     (W),45.3766666667,-68.4616666667,,NAD 83,(1986),,SCALED,89.082,NAVD 88,,ADJUSTED,-24.335,GEOID18,89.081,980605.9,,,,,,,,2,0,,,,ME E,190000.,303000.,,,,,,,,C,UNK,1987,GOOD,USPSQD,,DD = SURVEY DISK,80 = SET IN A BOULDER,
,20260102,http://www.ngs.noaa.gov/cgi-bin/ds_mark.prl?PidBox=OC1142,OC1142,295 A,,,,ME,CUMBERLAND,PORTLAND WEST (2018),43 39 20.     (N),070 16 49.     (W),43.6555555556,-70.2802777778,,NAD 83,(1986),,SCALED,18.923,NAVD 88,,ADJUSTED,-26.162,GEOID18,18.921,980499.3,,,,,,,,2,1,,,,ME W,91350.,890840.,,,,,,,,D,1973,20060813,GOOD,USPSQD,Y,DD = SURVEY DISK,0 = UNSPECIFIED SETTING,295-A 4-30-73
,20260102,http://www.ngs.noaa.gov/cgi-bin/ds_mark.prl?PidBox=PF0139,PF0139,297,,,,ME,ANDROSCOGGIN,LIVERMORE FALLS (2018),44 23 45.     (N),070 09 04.     (W),44.3958333333,-70.1511111111,,NAD 83,(1986),,SCALED,90.352,NAVD 88,,ADJUSTED,-26.204,GEOID18,90.343,980518.7,,,,,,,,2,0,,,,ME W,173600.,901240.,,,,,,,,C,1905,1935,GOOD,CGS,,DB = BENCH MARK DISK,80 = SET IN A BOULDER,297
,20260102,http://www.ngs.noaa.gov/cgi-bin/ds_mark.prl?PidBox=AB2665,AB2665,2B7 A,,,SACS,ME,SOMERSET,PITTSFIELD (2018),44 46 19.76173(N),069 22 59.82396(W),44.7721560361,-69.3832844333,36.874,NAD 83,(2011),2010.00,ADJUSTED,62.32,NAVD 88,,GPS OBS,-25.387,GEOID18,,,0.90,1.88,0.42,0.29,0.96,-0.02231580,,,,1597011.209,-4245018.712,4469434.744,ME W,215710.870,962009.469,+0 33 06.3,1.00000815,19,4957711.775,469671.837,-0 16 11.8,0.99961131,C,1995,19960702,GOOD,NGS,Y,DD = SURVEY DISK,17 = SET INTO TOP OF METAL PIPE DRIVEN INTO GROUND,2B7 A 1995
,20260102,http://www.ngs.noaa.gov/cgi-bin/ds_mark.prl?PidBox=OC0186,OC0186,3,,,,ME,CUMBERLAND,PORTLAND EAST (2018),43 41 21.88   (N),070 10 05.08   (W),43.6894111111,-70.1680777778,,NAD 83,(1986),,HD_HELD1,1.719,LMSL,,ADJ UNCH,-26.036,GEOID18,,,,,,,,,,2,0,,,,ME W,95105.2,899886.2,,,,,,,,A,1948,1948,GOOD,CGS,,DD = SURVEY DISK,66 = SET IN ROCK OUTCROP,LONG ISLAND BM 3 10-22
,20260102,http://www.ngs.noaa.gov/cgi-bin/ds_mark.prl?PidBox=RF0641,RF0641,3 JHS,,,,ME,AROOSTOOK,UGH LAKE (2018),46 39 04.     (N),069 31 43.     (W),46.6511111111,-69.5286111111,,NAD 83,(1986),,SCALED,363.349,NAVD 88,,ADJUSTED,-25.820,GEOID18,363.364,980645.5,,,,,,,,2,2,,,,ME E,332160.,221270.,,,,,,,,D,1984,1984,MONUMENTED,USGS-M,,DD = SURVEY DISK,15 = METAL ROD DRIVEN INTO GROUND. SEE TEXT FOR ADDITIONAL INFORMATION.,3 JHS 1984
,20260102,http://www.ngs.noaa.gov/cgi-bin/ds_mark.prl?PidBox=RF0601,RF0601,3 JHS USGS,,,,ME,AROOSTOOK,BIG MACHIAS LAKE (2018),46 42 27.     (N),068 51 06.     (W),46.7075000000,-68.8516666667,,NAD 83,(1986),,SCALED,302.902,NAVD 88,,ADJUSTED,-24.382,GEOID18,302.926,980685.7,,,,,,,,2,2,,,,ME E,337970.,273110.,,,,,,,,A,1983,1983,MONUMENTED,USGS-M,,DB = BENCH MARK DISK,66 = SET IN ROCK OUTCROP,3 JHS 1983
,20260102,http://www.ngs.noaa.gov/cgi-bin/ds_mark.prl?PidBox=OC0018,OC0018,30 C OF P,,,,ME,CUMBERLAND,PORTLAND WEST (2018),43 39 53.     (N),070 16 29.     (W),43.6647222222,-70.2747222222,,NAD 83,(1986),,SCALED,8.413,NAVD 88,,ADJUSTED,-26.166,GEOID18,8.412,980499.1,,,,,,,,1,1,,,,ME W,92370.,891290.,,,,,,,,C,UNK,20060410,MARK NOT FOUND,USPSQD,,B = BOLT,7 = SET IN TOP OF CONCRETE MONUMENT,
,20260102,http://www.ngs.noaa.gov/cgi-bin/ds_mark.prl?PidBox=RF0668,RF0668,30 JHS,,,,ME,AROOSTOOK,BIG BLACK RAPIDS (2018),46 53 29.     (N),069 24 06.     (W),46.8913888889,-69.4016666667,,NAD 83,(1986),,SCALED,378.101,NAVD 88,,ADJUSTED,-25.806,GEOID18,378.132,980685.2,,,,,,,,2,2,,,,ME E,358750.,231290.,,,,,,,,A,1984,1984,MONUMENTED,USGS-M,,DD = SURVEY DISK,66 = SET IN ROCK OUTCROP,30 JHS 1984
,20260102,http://www.ngs.noaa.gov/cgi-bin/ds_mark.prl?PidBox=RF0630,RF0630,30 JHS USGS,,,,ME,AROOSTOOK,MCKEEN LAKE (2018),46 56 27.     (N),069 01 11.     (W),46.9408333333,-69.0197222222,,NAD 83,(1986),,SCALED,236.172,NAVD 88,,ADJUSTED,-25.146,GEOID18,236.188,980675.3,,,,,,,,2,2,,,,ME E,363980.,260430.,,,,,,,,B,1983,1983,MONUMENTED,USGS-M,,DB = BENCH MARK DISK,46 = COPPER-CLAD STEEL ROD W/O SLEEVE (10 FT.+),30 JHS 1983
,20260102,http://www.ngs.noaa.gov/cgi-bin/ds_mark.prl?PidBox=OB0233,OB0233,30.5,,,,ME,CUMBERLAND,ORRS ISLAND (2018),43 50 55.     (N),069 54 45.     (W),43.8486111111,-69.9125000000,,NAD 83,(1986),,SCALED,9.181,NAVD 88,,ADJUSTED,-25.828,GEOID18,9.180,980522.5,,,,,,,,2,0,,,,ME W,112820.,920440.,,,,,,,,A,UNK,1957,GOOD,CGS,,Q = CHISELED SQUARE,66 = SET IN ROCK OUTCROP,
,20260102,http://www.ngs.noaa.gov/cgi-bin/ds_mark.prl?PidBox=OC0539,OC0539,300,,,,ME,CUMBERLAND,STEEP FALLS (2018),43 47 32.     (N),070 39 31.     (W),43.7922222222,-70.6586111111,,NAD 83,(1986),,SCALED,91.400,NAVD 88,,ADJUSTED,-26.880,GEOID18,91.386,980465.7,,,,,,,,1,2,,,,ME W,106650.,860410.,,,,,,,,A,1906,20040514,POOR,GEOCAC,,DD = SURVEY DISK,66 = SET IN ROCK OUTCROP,
,20260102,http://www.ngs.noaa.gov/cgi-bin/ds_mark.prl?PidBox=PF0136,PF0136,300,,,,ME,ANDROSCOGGIN,LIVERMORE FALLS (2018),44 27 42.     (N),070 10 46.     (W),44.4616666667,-70.1794444444,,NAD 83,(1986),,SCALED,91.283,NAVD 88,,ADJUSTED,-26.238,GEOID18,91.273,980512.1,,,,,,,,2,0,,,,ME W,180910.,898980.,,,,,,,,B,1905,1935,GOOD,CGS,,DB = BENCH MARK DISK,36 = SET IN A MASSIVE STRUCTURE,300
,20260102,http://www.ngs.noaa.gov/cgi-bin/ds_mark.prl?PidBox=PE1003,PE1003,300.78,,,,ME,WALDO,LIBERTY (2018),44 23 27.     (N),069 17 27.     (W),44.3908333333,-69.2908333333,,NAD 83,(1986),,SCALED,91.467,NAVD 88,,ADJUSTED,-25.286,GEOID18,91.459,980529.3,,,,,,,,2,0,,,,ME E,80760.,236990.,,,,,,,,B,UNK,1935,GOOD,CGS,,DB = BENCH MARK DISK,36 = SET IN A MASSIVE STRUCTURE,300.78 FT
,20260102,http://www.ngs.noaa.gov/cgi-bin/ds_mark.prl?PidBox=PE1169,PE1169,31,,,,ME,SAGADAHOC,RICHMOND (2018),44 05 15.5    (N),069 47 58.3    (W),44.0876388889,-69.7995277778,,NAD 83,(1986),,HD_HELD2,9.216,NAVD 88,,ADJUSTED,-25.862,GEOID18,9.215,980520.9,,,,,,,,2,0,,,,ME W,139416.,929402.,,,,,,,,D,UNK,20060709,GOOD,GEOCAC,N,DD = SURVEY DISK,30 = SET IN A LIGHT STRUCTURE,
,20260102,http://www.ngs.noaa.gov/cgi-bin/ds_mark.prl?PidBox=RF0669,RF0669,31 JHS,,,,ME,AROOSTOOK,BIG BLACK RAPIDS (2018),46 54 09.     (N),069 23 42.     (W),46.9025000000,-69.3950000000,,NAD 83,(1986),,SCALED,351.580,NAVD 88,,ADJUSTED,-25.800,GEOID18,351.609,980686.8,,,,,,,,2,2,,,,ME E,359980.,231810.,,,,,,,,A,1984,1984,MONUMENTED,USGS-M,,DD = SURVEY DISK,66 = SET IN ROCK OUTCROP,31 JHS 1984
,20260102,http://www.ngs.noaa.gov/cgi-bin/ds_mark.prl?PidBox=RF0631,RF0631,31 ROD USGS,,,,ME,AROOSTOOK,MCKEEN LAKE (2018),46 57 02.     (N),069 00 29.     (W),46.9505555556,-69.0080555556,,NAD 83,(1986),,SCALED,295.345,NAVD 88,,ADJUSTED,-25.117,GEOID18,295.365,980675.6,,,,,,,,2,2,,,,ME E,365050.,261330.,,,,,,,,B,1983,1983,MONUMENTED,USGS-M,,DB = BENCH MARK DISK,46 = COPPER-CLAD STEEL ROD W/O SLEEVE (10 FT.+),31 ROD 1983
