FeatureId,DATA_DATE,DATA_SRCE,PID,NAME,HT_MOD,CORS_ID,PACS_SACS,STATE,COUNTY,QUAD,LATITUDE,LONGITUDE,DEC_LAT,DEC_LON,ELLIP_HT,POS_DATUM,DATUM_TAG,POS_EPOCH,POS_SRCE,ORTHO_HT,VERT_DATUM,VERT_EPOCH,VERT_SRCE,GEOID_HT,GEOID_MOD,DYNAMIC_HT,MODEL_GRAV,N_ACC_HZ,N_ACC_EH,N_ACC_STDN,N_ACC_STDE,N_ACC_STDH,N_ACC_CORR,POS_ORDER,VERT_ORDER,VERT_CLASS,ECEF_X,ECEF_Y,ECEF_Z,SPC_ZONE,SPC_NORTH,SPC_EAST,SPC_CONV,SPC_CSF,UTM_ZONE,UTM_NORTH,UTM_EAST,UTM_CONV,UTM_CSF,STABILITY,FIRST_RECV,LAST_RECV,LAST_COND,LAST_RECBY,SAT_USE,MARKER,SETTING,STAMPING
,20260102,http://www.ngs.noaa.gov/cgi-bin/ds_mark.prl?PidBox=AB4129,AB4129,08K A,,,PACS,NE,CLAY,HARVARD NE (2017),40 39 01.01648(N),098 05 01.49147(W),40.6502823556,-98.0837476306,526.728,NAD 83,(2011),2010.00,ADJUSTED,552.45,NAVD 88,,GPS OBS,-25.709,GEOID18,,,0.39,0.98,0.18,0.13,0.50,-0.00600462,,,,-681499.883,-4798224.322,4133378.607,NE,92500.661,662022.711,+1 16 11.6,0.99968655,14,4500339.782,577464.588,+0 35 48.9,0.99967386,B,1995,20201006,GOOD,NEGS,Y,F = FLANGE-ENCASED ROD,59 = STAINLESS STEEL ROD IN SLEEVE (10 FT.+),08K A 1995
,20260102,http://www.ngs.noaa.gov/cgi-bin/ds_mark.prl?PidBox=AB4138,AB4138,08K B,,,SACS,NE,CLAY,HARVARD NE (2017),40 39 19.85464(N),098 04 59.38504(W),40.6555151778,-98.0831625111,526.648,NAD 83,(2011),2010.00,ADJUSTED,552.37,NAVD 88,,GPS OBS,-25.703,GEOID18,,,0.44,0.98,0.20,0.15,0.50,-0.02231028,,,,-681397.639,-4797856.385,4133819.447,NE,93082.571,662059.297,+1 16 13.0,0.99968522,14,4500921.167,577508.001,+0 35 50.5,0.99967394,B,1995,20210923,GOOD,NEGS,Y,F = FLANGE-ENCASED ROD,59 = STAINLESS STEEL ROD IN SLEEVE (10 FT.+),08K B 1995
,20260102,http://www.ngs.noaa.gov/cgi-bin/ds_mark.prl?PidBox=AB4139,AB4139,08K C,,,SACS,NE,CLAY,HARVARD NE (2017),40 38 39.25125(N),098 04 59.91843(W),40.6442364583,-98.0833106750,523.963,NAD 83,(2011),2010.00,ADJUSTED,549.69,NAVD 88,,GPS OBS,-25.717,GEOID18,,,0.46,1.00,0.21,0.16,0.51,-0.01601839,,,,-681524.495,-4798660.469,4132867.365,NE,91830.420,662074.530,+1 16 12.7,0.99968855,14,4499669.043,577508.526,+0 35 49.6,0.99967394,C,1995,20100617,GOOD,GRWAS,Y,DH = HORIZONTAL CONTROL DISK,34 = SET IN THE FOOTINGS OF SMALL/MEDIUM STRUCTURES,08K C 1995
,20260102,http://www.ngs.noaa.gov/cgi-bin/ds_mark.prl?PidBox=AB4173,AB4173,0V3 A,,,SACS,NE,KEARNEY,MINDEN NORTH (2017),40 31 10.50959(N),098 56 53.99861(W),40.5195859972,-98.9483329472,631.628,NAD 83,(2011),2010.00,ADJUSTED,656.67,NAVD 88,,GPS OBS,-25.015,GEOID18,,,0.45,1.10,0.21,0.14,0.56,-0.02559187,,,,-755305.247,-4796801.301,4122423.841,NE,76736.782,589101.993,+0 41 49.0,0.99970637,14,4485430.060,504376.675,+0 02 00.8,0.99960024,B,1995,19970712,GOOD,NGS,Y,I = METAL ROD,59 = STAINLESS STEEL ROD IN SLEEVE (10 FT.+),OV3 A 1995
,20260102,http://www.ngs.noaa.gov/cgi-bin/ds_mark.prl?PidBox=MK1586,MK1586,1,,,,NE,NANCE,GENOA (2017),41 26 30.     (N),097 44 37.     (W),41.4416666667,-97.7436111111,,NAD 83,(1986),,SCALED,477.635,NAVD 88,,ADJUSTED,-25.093,GEOID18,477.413,980143.3,,,,,,,,2,0,,,,NE,181030.,688480.,,,,,,,,B,1950,1950,GOOD,CGS,,DB = BENCH MARK DISK,36 = SET IN A MASSIVE STRUCTURE,NO 1 1950
,20260102,http://www.ngs.noaa.gov/cgi-bin/ds_mark.prl?PidBox=NO0521,NO0521,1 F,,,,NE,CHERRY,VALENTINE SOUTH (2017),42 46 28.     (N),100 32 11.     (W),42.7744444444,-100.5363888889,,NAD 83,(1986),,SCALED,825.140,NAVD 88,,ADJUSTED,-21.683,GEOID18,824.799,980179.8,,,,,,,,1,2,,,,NE,326700.,456110.,,,,,,,,D,1947,19910803,GOOD,NGS,Y,DB = BENCH MARK DISK,9 = POST (STONE OR PRECAST CONCRETE),1 F 1947
,20260102,http://www.ngs.noaa.gov/cgi-bin/ds_mark.prl?PidBox=AI7688,AI7688,1 F RESET,,,,NE,CHERRY,VALENTINE SOUTH (2017),42 46 29.27   (N),100 32 09.24   (W),42.7747972222,-100.5359000000,,NAD 83,(1986),,HD_HELD1,825.93,NAVD 88,,RESET,-21.685,GEOID18,,,,,,,,,,3,,,,,NE,326740.5,456147.4,,,,,,,,C,1995,1995,MONUMENTED,NGS,,DB = BENCH MARK DISK,7 = SET IN TOP OF CONCRETE MONUMENT,1 F 1947 RESET 1995
,20260102,http://www.ngs.noaa.gov/cgi-bin/ds_mark.prl?PidBox=NO0137,NO0137,1 HT,,,,NE,CHERRY,CROOKSTON EAST (2017),42 54 40.     (N),100 43 10.     (W),42.9111111111,-100.7194444444,,NAD 83,(1986),,SCALED,805.952,NAVD 88,,ADJUSTED,-21.535,GEOID18,805.629,980192.7,,,,,,,,1,2,,,,NE,341990.,441250.,,,,,,,,C,1947,1957,GOOD,CGS,,DD = SURVEY DISK,7 = SET IN TOP OF CONCRETE MONUMENT,1 HT 1947
,20260102,http://www.ngs.noaa.gov/cgi-bin/ds_mark.prl?PidBox=NO0578,NO0578,1 HT RESET,,,,NE,CHERRY,CROOKSTON EAST (2017),42 54 40.     (N),100 43 10.     (W),42.9111111111,-100.7194444444,,NAD 83,(1986),,SCALED,805.90,NAVD 88,,RESET,-21.535,GEOID18,,,,,,,,,,3,,,,,NE,341990.,441250.,,,,,,,,D,1984,1984,MONUMENTED,NGS,,DB = BENCH MARK DISK,17 = SET INTO TOP OF METAL PIPE DRIVEN INTO GROUND,1 HT 1947 RESET 1984
,20260102,http://www.ngs.noaa.gov/cgi-bin/ds_mark.prl?PidBox=LG0777,LG0777,1 J,,,,NE,SALINE,DORCHESTER (2017),40 39 15.56747(N),097 00 32.36298(W),40.6543242972,-97.0089897167,,NAD 83,(1995),,NO CHECK,439.7,NAVD 88,,VERTCON3,-26.724,GEOID18,,,,,,,,,3,,,,,,NE,95527.889,752850.237,+1 58 55.7,0.99970334,14,4502290.709,668323.963,+1 17 50.8,0.99994875,C,1934,19800611,GOOD,NGS,Y,DB = BENCH MARK DISK,7 = SET IN TOP OF CONCRETE MONUMENT,1 J 1934 1942
,20260102,http://www.ngs.noaa.gov/cgi-bin/ds_mark.prl?PidBox=NO0318,NO0318,1 K W,,,,NE,CHERRY,MERRIMAN (2017),42 55 32.11   (N),101 44 15.15   (W),42.9255861111,-101.7375416667,,NAD 83,(1986),,HD_HELD1,1001.725,NAVD 88,,ADJUSTED,-19.282,GEOID18,1001.283,980144.9,,,,,,,,1,2,,,,NE,344779.9,358162.6,,,,,,,,C,1948,1957,GOOD,CGS,,DD = SURVEY DISK,7 = SET IN TOP OF CONCRETE MONUMENT,1 K W 1948
,20260102,http://www.ngs.noaa.gov/cgi-bin/ds_mark.prl?PidBox=ML0160,ML0160,10 43,,,,NE,HOWARD,WOLBACH SW (2017),41 16 17.     (N),098 26 57.     (W),41.2713888889,-98.4491666667,,NAD 83,(1986),,SCALED,549.407,NAVD 88,,ADJUSTED,-24.609,GEOID18,549.133,980107.0,,,,,,,,2,0,,,,NE,160830.,629890.,,,,,,,,C,UNK,1950,GOOD,CGS,,DD = SURVEY DISK,7 = SET IN TOP OF CONCRETE MONUMENT,10 43
,20260102,http://www.ngs.noaa.gov/cgi-bin/ds_mark.prl?PidBox=ML0159,ML0159,10 43 RESET,,,,NE,HOWARD,WOLBACH SW (2017),41 16 17.     (N),098 26 59.     (W),41.2713888889,-98.4497222222,,NAD 83,(1986),,SCALED,549.39,NAVD 88,,VERTCON3,-24.608,GEOID18,,,,,,,,,,,,,,,NE,160830.,629850.,,,,,,,,C,1956,20100601,GOOD,NEGS,N,DD = SURVEY DISK,7 = SET IN TOP OF CONCRETE MONUMENT,10 43 RESET
,20260102,http://www.ngs.noaa.gov/cgi-bin/ds_mark.prl?PidBox=ML0156,ML0156,10 44,,,,NE,HOWARD,WOLBACH SW (2017),41 16 03.     (N),098 27 00.     (W),41.2675000000,-98.4500000000,,NAD 83,(1986),,SCALED,540.110,NAVD 88,,ADJUSTED,-24.612,GEOID18,539.840,980107.1,,,,,,,,2,0,,,,NE,160390.,629830.,,,,,,,,C,UNK,20100601,MARK NOT FOUND,NEGS,,DD = SURVEY DISK,7 = SET IN TOP OF CONCRETE MONUMENT,10 44
,20260102,http://www.ngs.noaa.gov/cgi-bin/ds_mark.prl?PidBox=ML0155,ML0155,10 44 RESET,,,,NE,HOWARD,WOLBACH SW (2017),41 16 03.     (N),098 27 00.     (W),41.2675000000,-98.4500000000,,NAD 83,(1986),,SCALED,539.89,NAVD 88,,VERTCON3,-24.612,GEOID18,,,,,,,,,,,,,,,NE,160390.,629830.,,,,,,,,C,1956,20100601,GOOD,NEGS,N,DB = BENCH MARK DISK,7 = SET IN TOP OF CONCRETE MONUMENT,10 44 USBR RESET
,20260102,http://www.ngs.noaa.gov/cgi-bin/ds_mark.prl?PidBox=ML0194,ML0194,10 46,,,,NE,HOWARD,WOLBACH SW (2017),41 16 20.     (N),098 25 51.     (W),41.2722222222,-98.4308333333,,NAD 83,(1986),,SCALED,545.711,NAVD 88,,ADJUSTED,-24.631,GEOID18,545.438,980106.6,,,,,,,,2,0,,,,NE,160950.,631430.,,,,,,,,C,UNK,1950,GOOD,CGS,,DD = SURVEY DISK,7 = SET IN TOP OF CONCRETE MONUMENT,10 46
,20260102,http://www.ngs.noaa.gov/cgi-bin/ds_mark.prl?PidBox=ML0196,ML0196,10 47,,,,NE,HOWARD,WOLBACH SW (2017),41 17 04.     (N),098 25 35.     (W),41.2844444444,-98.4263888889,,NAD 83,(1986),,SCALED,568.978,NAVD 88,,ADJUSTED,-24.622,GEOID18,568.694,980106.8,,,,,,,,2,0,,,,NE,162310.,631770.,,,,,,,,C,UNK,1950,GOOD,CGS,,DD = SURVEY DISK,7 = SET IN TOP OF CONCRETE MONUMENT,10 47
,20260102,http://www.ngs.noaa.gov/cgi-bin/ds_mark.prl?PidBox=ML0200,ML0200,10 49,,,,NE,HOWARD,WOLBACH SW (2017),41 17 04.     (N),098 24 05.     (W),41.2844444444,-98.4013888889,,NAD 83,(1986),,SCALED,547.219,NAVD 88,,ADJUSTED,-24.653,GEOID18,546.946,980107.9,,,,,,,,2,0,,,,NE,162350.,633870.,,,,,,,,C,UNK,1950,GOOD,CGS,,DD = SURVEY DISK,7 = SET IN TOP OF CONCRETE MONUMENT,10 49
,20260102,http://www.ngs.noaa.gov/cgi-bin/ds_mark.prl?PidBox=ML0205,ML0205,10 50,,,,NE,HOWARD,WOLBACH SW (2017),41 17 06.     (N),098 22 59.     (W),41.2850000000,-98.3830555556,,NAD 83,(1986),,SCALED,541.784,NAVD 88,,ADJUSTED,-24.674,GEOID18,541.514,980108.9,,,,,,,,2,0,,,,NE,162440.,635400.,,,,,,,,C,UNK,1950,GOOD,CGS,,DD = SURVEY DISK,7 = SET IN TOP OF CONCRETE MONUMENT,10 50
,20260102,http://www.ngs.noaa.gov/cgi-bin/ds_mark.prl?PidBox=ML0206,ML0206,10 52,,,,NE,HOWARD,CUSHING (2017),41 17 06.     (N),098 20 43.     (W),41.2850000000,-98.3452777778,,NAD 83,(1986),,SCALED,534.347,NAVD 88,,ADJUSTED,-24.710,GEOID18,534.082,980111.3,,,,,,,,2,0,,,,NE,162500.,638560.,,,,,,,,C,UNK,1950,GOOD,CGS,,DD = SURVEY DISK,7 = SET IN TOP OF CONCRETE MONUMENT,10 52
,20260102,http://www.ngs.noaa.gov/cgi-bin/ds_mark.prl?PidBox=ML0208,ML0208,10 54,,,,NE,HOWARD,CUSHING (2017),41 17 06.     (N),098 18 21.     (W),41.2850000000,-98.3058333333,,NAD 83,(1986),,SCALED,528.116,NAVD 88,,ADJUSTED,-24.740,GEOID18,527.856,980114.2,,,,,,,,2,0,,,,NE,162560.,641870.,,,,,,,,C,UNK,1950,GOOD,CGS,,DD = SURVEY DISK,7 = SET IN TOP OF CONCRETE MONUMENT,10 54
,20260102,http://www.ngs.noaa.gov/cgi-bin/ds_mark.prl?PidBox=ML0213,ML0213,10 55,,,,NE,HOWARD,CUSHING (2017),41 17 08.     (N),098 17 13.     (W),41.2855555556,-98.2869444444,,NAD 83,(1986),,SCALED,541.351,NAVD 88,,ADJUSTED,-24.752,GEOID18,541.086,980115.8,,,,,,,,2,0,,,,NE,162660.,643450.,,,,,,,,C,UNK,1950,GOOD,CGS,,DD = SURVEY DISK,7 = SET IN TOP OF CONCRETE MONUMENT,10 55
,20260102,http://www.ngs.noaa.gov/cgi-bin/ds_mark.prl?PidBox=ML0212,ML0212,10 56,,,,NE,MERRICK,CUSHING (2017),41 17 09.     (N),098 16 29.     (W),41.2858333333,-98.2747222222,,NAD 83,(1986),,SCALED,535.592,NAVD 88,,ADJUSTED,-24.758,GEOID18,535.330,980117.0,,,,,,,,2,0,,,,NE,162710.,644470.,,,,,,,,C,UNK,1950,GOOD,CGS,,DB = BENCH MARK DISK,7 = SET IN TOP OF CONCRETE MONUMENT,10 56
,20260102,http://www.ngs.noaa.gov/cgi-bin/ds_mark.prl?PidBox=ML0214,ML0214,10 57,,,,NE,NANCE,CUSHING (2017),41 17 07.     (N),098 15 05.     (W),41.2852777778,-98.2513888889,,NAD 83,(1986),,SCALED,537.036,NAVD 88,,ADJUSTED,-24.770,GEOID18,536.775,980119.3,,,,,,,,2,0,,,,NE,162680.,646430.,,,,,,,,C,UNK,1950,GOOD,CGS,,DD = SURVEY DISK,7 = SET IN TOP OF CONCRETE MONUMENT,10 57
,20260102,http://www.ngs.noaa.gov/cgi-bin/ds_mark.prl?PidBox=ML0216,ML0216,10 59,,,,NE,NANCE,BELGRADE SW (2017),41 17 34.     (N),098 14 12.     (W),41.2927777778,-98.2366666667,,NAD 83,(1986),,SCALED,541.347,NAVD 88,,ADJUSTED,-24.765,GEOID18,541.085,980120.9,,,,,,,,2,0,,,,NE,163540.,647640.,,,,,,,,C,UNK,1950,GOOD,CGS,,DD = SURVEY DISK,7 = SET IN TOP OF CONCRETE MONUMENT,10 59
,20260102,http://www.ngs.noaa.gov/cgi-bin/ds_mark.prl?PidBox=ML0221,ML0221,10 60,,,,NE,NANCE,BELGRADE SW (2017),41 17 34.     (N),098 12 50.     (W),41.2927777778,-98.2138888889,,NAD 83,(1986),,SCALED,535.694,NAVD 88,,ADJUSTED,-24.774,GEOID18,535.436,980123.5,,,,,,,,2,0,,,,NE,163580.,649550.,,,,,,,,C,UNK,1950,GOOD,CGS,,DD = SURVEY DISK,7 = SET IN TOP OF CONCRETE MONUMENT,10 60
,20260102,http://www.ngs.noaa.gov/cgi-bin/ds_mark.prl?PidBox=ML0223,ML0223,10 62,,,,NE,NANCE,BELGRADE SW (2017),41 17 34.     (N),098 11 39.     (W),41.2927777778,-98.1941666667,,NAD 83,(1986),,SCALED,528.496,NAVD 88,,ADJUSTED,-24.783,GEOID18,528.242,980125.8,,,,,,,,2,0,,,,NE,163620.,651200.,,,,,,,,C,UNK,1950,GOOD,CGS,,DD = SURVEY DISK,7 = SET IN TOP OF CONCRETE MONUMENT,10 62
,20260102,http://www.ngs.noaa.gov/cgi-bin/ds_mark.prl?PidBox=ML0222,ML0222,10 63,,,,NE,NANCE,BELGRADE SW (2017),41 17 35.     (N),098 10 29.     (W),41.2930555556,-98.1747222222,,NAD 83,(1986),,SCALED,526.370,NAVD 88,,ADJUSTED,-24.791,GEOID18,526.118,980128.2,,,,,,,,2,0,,,,NE,163680.,652830.,,,,,,,,C,UNK,1950,GOOD,CGS,,DD = SURVEY DISK,7 = SET IN TOP OF CONCRETE MONUMENT,10-63
,20260102,http://www.ngs.noaa.gov/cgi-bin/ds_mark.prl?PidBox=ML0224,ML0224,10 64,,,,NE,NANCE,BELGRADE SW (2017),41 18 28.     (N),098 10 29.     (W),41.3077777778,-98.1747222222,,NAD 83,(1986),,SCALED,543.181,NAVD 88,,ADJUSTED,-24.772,GEOID18,542.921,980127.9,,,,,,,,2,0,,,,NE,165310.,652790.,,,,,,,,C,UNK,1950,GOOD,CGS,,DD = SURVEY DISK,7 = SET IN TOP OF CONCRETE MONUMENT,10 64
,20260102,http://www.ngs.noaa.gov/cgi-bin/ds_mark.prl?PidBox=ML0229,ML0229,10 65,,,,NE,NANCE,BELGRADE SW (2017),41 18 29.     (N),098 09 17.     (W),41.3080555556,-98.1547222222,,NAD 83,(1986),,SCALED,530.412,NAVD 88,,ADJUSTED,-24.783,GEOID18,530.159,980130.2,,,,,,,,2,0,,,,NE,165380.,654460.,,,,,,,,C,UNK,1950,GOOD,CGS,,DD = SURVEY DISK,7 = SET IN TOP OF CONCRETE MONUMENT,10 65
,20260102,http://www.ngs.noaa.gov/cgi-bin/ds_mark.prl?PidBox=ML0228,ML0228,10 66,,,,NE,NANCE,BELGRADE SW (2017),41 18 29.     (N),098 08 01.     (W),41.3080555556,-98.1336111111,,NAD 83,(1986),,SCALED,523.258,NAVD 88,,ADJUSTED,-24.794,GEOID18,523.010,980132.0,,,,,,,,2,0,,,,NE,165420.,656230.,,,,,,,,C,UNK,1950,GOOD,CGS,,DD = SURVEY DISK,7 = SET IN TOP OF CONCRETE MONUMENT,10 66
,20260102,http://www.ngs.noaa.gov/cgi-bin/ds_mark.prl?PidBox=ML0232,ML0232,10 68,,,,NE,NANCE,BELGRADE SE (2017),41 19 20.     (N),098 06 59.     (W),41.3222222222,-98.1163888889,,NAD 83,(1986),,SCALED,525.306,NAVD 88,,ADJUSTED,-24.793,GEOID18,525.056,980131.4,,,,,,,,2,0,,,,NE,167020.,657640.,,,,,,,,C,UNK,1983,POOR,NGS,,DD = SURVEY DISK,7 = SET IN TOP OF CONCRETE MONUMENT,10 68
,20260102,http://www.ngs.noaa.gov/cgi-bin/ds_mark.prl?PidBox=ML0233,ML0233,10 69,,,,NE,NANCE,BELGRADE SE (2017),41 18 30.     (N),098 07 02.     (W),41.3083333333,-98.1172222222,,NAD 83,(1986),,SCALED,519.567,NAVD 88,,ADJUSTED,-24.803,GEOID18,519.320,980132.2,,,,,,,,2,0,,,,NE,165480.,657600.,,,,,,,,C,UNK,1950,GOOD,CGS,,DD = SURVEY DISK,7 = SET IN TOP OF CONCRETE MONUMENT,10 69
,20260102,http://www.ngs.noaa.gov/cgi-bin/ds_mark.prl?PidBox=ML0234,ML0234,10 71,,,,NE,NANCE,BELGRADE SE (2017),41 19 22.     (N),098 05 52.     (W),41.3227777778,-98.0977777778,,NAD 83,(1986),,SCALED,520.197,NAVD 88,,ADJUSTED,-24.805,GEOID18,519.949,980131.1,,,,,,,,2,0,,,,NE,167120.,659190.,,,,,,,,C,UNK,1950,GOOD,CGS,,DD = SURVEY DISK,7 = SET IN TOP OF CONCRETE MONUMENT,10 71
,20260102,http://www.ngs.noaa.gov/cgi-bin/ds_mark.prl?PidBox=ML0236,ML0236,10 74,,,,NE,NANCE,BELGRADE SE (2017),41 19 22.     (N),098 04 44.     (W),41.3227777778,-98.0788888889,,NAD 83,(1986),,SCALED,516.444,NAVD 88,,ADJUSTED,-24.819,GEOID18,516.198,980131.4,,,,,,,,2,0,,,,NE,167150.,660780.,,,,,,,,C,UNK,1950,GOOD,CGS,,DD = SURVEY DISK,7 = SET IN TOP OF CONCRETE MONUMENT,10 74
,20260102,http://www.ngs.noaa.gov/cgi-bin/ds_mark.prl?PidBox=ML0240,ML0240,10 78,,,,NE,NANCE,BELGRADE SE (2017),41 20 13.     (N),098 03 02.     (W),41.3369444444,-98.0505555556,,NAD 83,(1986),,SCALED,537.258,NAVD 88,,ADJUSTED,-24.834,GEOID18,537.003,980131.8,,,,,,,,2,0,,,,NE,168780.,663110.,,,,,,,,C,UNK,1950,GOOD,CGS,,DD = SURVEY DISK,7 = SET IN TOP OF CONCRETE MONUMENT,10 78
,20260102,http://www.ngs.noaa.gov/cgi-bin/ds_mark.prl?PidBox=ML0243,ML0243,10 80,,,,NE,NANCE,BELGRADE SE (2017),41 20 13.     (N),098 01 52.     (W),41.3369444444,-98.0311111111,,NAD 83,(1986),,SCALED,512.228,NAVD 88,,ADJUSTED,-24.853,GEOID18,511.985,980133.7,,,,,,,,2,0,,,,NE,168820.,664740.,,,,,,,,C,UNK,1950,GOOD,CGS,,DD = SURVEY DISK,7 = SET IN TOP OF CONCRETE MONUMENT,
,20260102,http://www.ngs.noaa.gov/cgi-bin/ds_mark.prl?PidBox=ML0245,ML0245,10 81,,,,NE,NANCE,BELGRADE SE (2017),41 20 38.     (N),098 01 32.     (W),41.3438888889,-98.0255555556,,NAD 83,(1986),,SCALED,527.169,NAVD 88,,ADJUSTED,-24.852,GEOID18,526.920,980134.0,,,,,,,,2,0,,,,NE,169600.,665180.,,,,,,,,D,UNK,1950,GOOD,CGS,,DD = SURVEY DISK,30 = SET IN A LIGHT STRUCTURE,10 81
,20260102,http://www.ngs.noaa.gov/cgi-bin/ds_mark.prl?PidBox=ML1006,ML1006,10 82,,,,NE,NANCE,BELGRADE SE (2017),41 20 43.     (N),098 00 01.     (W),41.3452777778,-98.0002777778,,NAD 83,(1986),,SCALED,506.576,NAVD 88,,ADJUSTED,-24.876,GEOID18,506.339,980139.2,,,,,,,,2,0,,,,NE,169800.,667300.,,,,,,,,C,UNK,1950,GOOD,CGS,,DD = SURVEY DISK,7 = SET IN TOP OF CONCRETE MONUMENT,10 82
,20260102,http://www.ngs.noaa.gov/cgi-bin/ds_mark.prl?PidBox=MK1559,MK1559,10 84,,,,NE,NANCE,FULLERTON (2017),41 21 30.     (N),097 59 08.     (W),41.3583333333,-97.9855555556,,NAD 83,(1986),,SCALED,509.456,NAVD 88,,ADJUSTED,-24.882,GEOID18,509.219,980141.4,,,,,,,,2,0,,,,NE,171280.,668490.,,,,,,,,C,UNK,1950,GOOD,CGS,,DD = SURVEY DISK,7 = SET IN TOP OF CONCRETE MONUMENT,10 84
,20260102,http://www.ngs.noaa.gov/cgi-bin/ds_mark.prl?PidBox=NP0754,NP0754,10 DHW,,,,NE,SIOUX,STORY (2017),42 59 41.     (N),103 57 43.     (W),42.9947222222,-103.9619444444,,NAD 83,(1986),,SCALED,1160.493,NAVD 88,,ADJUSTED,-15.355,GEOID18,1159.938,980101.8,,,,,,,,3,,,,,NE,358440.,177030.,,,,,,,,D,1974,1974,MONUMENTED,USGS,Y,DB = BENCH MARK DISK,15 = METAL ROD DRIVEN INTO GROUND. SEE TEXT FOR ADDITIONAL INFORMATION.,10 DHW 1974
,20260102,http://www.ngs.noaa.gov/cgi-bin/ds_mark.prl?PidBox=LH0519,LH0519,100,,,,NE,BUFFALO,KEARNEY (2017),40 41 59.     (N),099 04 52.     (W),40.6997222222,-99.0811111111,,NAD 83,(1986),,SCALED,655.972,NAVD 88,,ADJUSTED,-24.449,GEOID18,655.601,980037.7,,,,,,,,1,2,,,,NE,96610.,577640.,,,,,,,,D,UNK,19910925,MARK NOT FOUND,NGS,,B = BOLT,17 = SET INTO TOP OF METAL PIPE DRIVEN INTO GROUND,
,20260102,http://www.ngs.noaa.gov/cgi-bin/ds_mark.prl?PidBox=MK1328,MK1328,102,,,,NE,BUTLER,COLUMBUS SE (2017),41 20 13.     (N),097 18 42.     (W),41.3369444444,-97.3116666667,,NAD 83,(1986),,SCALED,447.568,NAVD 88,,ADJUSTED,-25.534,GEOID18,447.368,980164.8,,,,,,,,2,0,,,,NE,170440.,724920.,,,,,,,,D,1934,20110810,MARK NOT FOUND,NEGS,,DD = SURVEY DISK,9 = POST (STONE OR PRECAST CONCRETE),102
,20260102,http://www.ngs.noaa.gov/cgi-bin/ds_mark.prl?PidBox=MK1329,MK1329,102 RESET,,,,NE,BUTLER,COLUMBUS SE (2017),41 20 13.47   (N),097 18 42.43   (W),41.3370750000,-97.3117861111,,NAD 83,(1986),,HD_HELD1,447.72,NAVD 88,,RESET,-25.534,GEOID18,,,,,,,,,,3,,,,,NE,170450.1,724905.1,,,,,,,,C,1961,20250122,GOOD,NEGS,N,DB = BENCH MARK DISK,7 = SET IN TOP OF CONCRETE MONUMENT,102 RESET 1961
,20260102,http://www.ngs.noaa.gov/cgi-bin/ds_mark.prl?PidBox=LF0656,LF0656,1027,,,,NE,RICHARDSON,BARADA (2017),40 08 42.     (N),095 32 21.     (W),40.1450000000,-95.5391666667,,NAD 83,(1986),,SCALED,312.970,NAVD 88,,ADJUSTED,-30.506,GEOID18,312.797,980064.8,,,,,,,,2,0,,,,NE,44410.,879930.,,,,,,,,D,1911,1947,GOOD,CGS,,P = PIPE CAP,17 = SET INTO TOP OF METAL PIPE DRIVEN INTO GROUND,1027
,20260102,http://www.ngs.noaa.gov/cgi-bin/ds_mark.prl?PidBox=MK1331,MK1331,103,,,,NE,BUTLER,COLUMBUS SE (2017),41 20 14.     (N),097 16 22.     (W),41.3372222222,-97.2727777778,,NAD 83,(1986),,SCALED,442.849,NAVD 88,,ADJUSTED,-25.581,GEOID18,442.652,980164.0,,,,,,,,2,0,,,,NE,170570.,728170.,,,,,,,,D,1934,20110810,MARK NOT FOUND,NEGS,,DD = SURVEY DISK,9 = POST (STONE OR PRECAST CONCRETE),103
,20260102,http://www.ngs.noaa.gov/cgi-bin/ds_mark.prl?PidBox=MK1332,MK1332,103 RESET,,,,NE,BUTLER,COLUMBUS SE (2017),41 20 14.     (N),097 16 22.     (W),41.3372222222,-97.2727777778,,NAD 83,(1986),,SCALED,442.67,NAVD 88,,RESET,-25.581,GEOID18,,,,,,,,,,3,,,,,NE,170570.,728170.,,,,,,,,C,1961,20250122,GOOD,NEGS,N,DB = BENCH MARK DISK,7 = SET IN TOP OF CONCRETE MONUMENT,103 RESET 1961
,20260102,http://www.ngs.noaa.gov/cgi-bin/ds_mark.prl?PidBox=MK1283,MK1283,104,,,,NE,BUTLER,DAVID CITY WEST (2017),41 20 16.     (N),097 13 45.     (W),41.3377777778,-97.2291666667,,NAD 83,(1986),,SCALED,438.847,NAVD 88,,ADJUSTED,-25.651,GEOID18,438.650,980161.1,,,,,,,,2,0,,,,NE,170750.,731810.,,,,,,,,D,1934,20110810,MARK NOT FOUND,NEGS,,DD = SURVEY DISK,9 = POST (STONE OR PRECAST CONCRETE),104
,20260102,http://www.ngs.noaa.gov/cgi-bin/ds_mark.prl?PidBox=AB4100,AB4100,104 100,,,,NE,CUMING,WISNER (2017),41 57 44.23496(N),096 52 42.23771(W),41.9622874889,-96.8783993639,392.035,NAD 83,(2011),2010.00,ADJUSTED,417.3,NAVD 88,,GPS OBS,-25.164,GEOID18,,,0.44,1.08,0.20,0.15,0.55,0.02409680,,,,-568883.212,-4715903.846,4242752.131,NE,241040.128,758643.287,+2 04 07.2,0.99962881,14,4647766.083,675813.954,+1 25 08.2,0.99998037,C,1991,20160331,GOOD,NEGS,Y,DR = REFERENCE MARK DISK,7 = SET IN TOP OF CONCRETE MONUMENT,CP 104-100 1991
,20260102,http://www.ngs.noaa.gov/cgi-bin/ds_mark.prl?PidBox=MK1284,MK1284,104 RESET,,,,NE,BUTLER,DAVID CITY WEST (2017),41 20 15.     (N),097 13 48.     (W),41.3375000000,-97.2300000000,,NAD 83,(1986),,SCALED,438.85,NAVD 88,,RESET,-25.650,GEOID18,,,,,,,,,,3,,,,,NE,170710.,731740.,,,,,,,,C,1961,20110810,MARK NOT FOUND,NEGS,,DB = BENCH MARK DISK,7 = SET IN TOP OF CONCRETE MONUMENT,104 RESET 1961
,20260102,http://www.ngs.noaa.gov/cgi-bin/ds_mark.prl?PidBox=LF0503,LF0503,1056 PTS 4,,,,NE,NEMAHA,HOWE (2017),40 17 25.     (N),095 49 28.     (W),40.2902777778,-95.8244444444,,NAD 83,(1986),,SCALED,321.594,NAVD 88,,ADJUSTED,-29.640,GEOID18,321.423,980082.7,,,,,,,,2,0,,,,NE,59310.,854870.,,,,,,,,D,1913,1980,GOOD,LOCSUR,,P = PIPE CAP,17 = SET INTO TOP OF METAL PIPE DRIVEN INTO GROUND,1056 PRIM TRAV STA NO 4 1913
,20260102,http://www.ngs.noaa.gov/cgi-bin/ds_mark.prl?PidBox=LG0236,LG0236,107.80,,,,NE,GAGE,BLUE SPRINGS (2017),40 10 25.     (N),096 39 10.     (W),40.1736111111,-96.6527777778,,NAD 83,(1986),,SCALED,374.226,NAVD 88,,ADJUSTED,-27.307,GEOID18,374.025,980079.5,,,,,,,,2,0,,,,NE,43300.,785020.,,,,,,,,B,1934,20200413,MARK NOT FOUND,NEGS,,X = CHISELED CROSS,36 = SET IN A MASSIVE STRUCTURE,
,20260102,http://www.ngs.noaa.gov/cgi-bin/ds_mark.prl?PidBox=LF0664,LF0664,108/1 BOLT,,,,NE,NEMAHA,PERU (2017),40 29 05.     (N),095 43 50.     (W),40.4847222222,-95.7305555556,,NAD 83,(1986),,SCALED,277.085,NAVD 88,,ADJUSTED,-29.859,GEOID18,276.939,980090.3,,,,,,,,2,0,,,,NE,81260.,861780.,,,,,,,,D,UNK,1947,GOOD,CGS,,C = CAP OF CAP-AND-BOLT PAIR,17 = SET INTO TOP OF METAL PIPE DRIVEN INTO GROUND,
,20260102,http://www.ngs.noaa.gov/cgi-bin/ds_mark.prl?PidBox=LF0663,LF0663,108/1 CAP,,,,NE,NEMAHA,PERU (2017),40 29 06.     (N),095 43 50.     (W),40.4850000000,-95.7305555556,,NAD 83,(1986),,SCALED,278.325,NAVD 88,,ADJUSTED,-29.859,GEOID18,278.178,980090.4,,,,,,,,2,0,,,,NE,81290.,861780.,,,,,,,,D,UNK,1947,GOOD,CGS,,C = CAP OF CAP-AND-BOLT PAIR,17 = SET INTO TOP OF METAL PIPE DRIVEN INTO GROUND,
,20260102,http://www.ngs.noaa.gov/cgi-bin/ds_mark.prl?PidBox=MK0092,MK0092,1099.69,,,,NE,WASHINGTON,BLAIR (2017),41 32 25.1    (N),096 08 07.9    (W),41.5403055556,-96.1355277778,,NAD 83,(1986),,HD_HELD2,335.267,NAVD 88,,ADJUSTED,-28.152,GEOID18,335.112,980151.8,,,,,,,,2,0,,,,NE,196720.,822251.,,,,,,,,D,1934,20170706,MARK NOT FOUND,GEOCAC,N,Z = SEE DESCRIPTION,,
,20260102,http://www.ngs.noaa.gov/cgi-bin/ds_mark.prl?PidBox=NP0755,NP0755,11 DHW,,,,NE,SIOUX,STORY (2017),42 59 26.     (N),103 59 50.     (W),42.9905555556,-103.9972222222,,NAD 83,(1986),,SCALED,1205.179,NAVD 88,,ADJUSTED,-15.279,GEOID18,1204.594,980093.5,,,,,,,,3,,,,,NE,358110.,174130.,,,,,,,,D,1974,1974,MONUMENTED,USGS,Y,DB = BENCH MARK DISK,15 = METAL ROD DRIVEN INTO GROUND. SEE TEXT FOR ADDITIONAL INFORMATION.,11 DHW 1974
,20260102,http://www.ngs.noaa.gov/cgi-bin/ds_mark.prl?PidBox=MN0652,MN0652,11 JMR,,,,NE,BANNER,MURRAY LAKE (2017),41 38 24.06173(N),103 53 23.99747(W),41.6400171472,-103.8899992972,,NAD 83,(1995),,ADJUSTED,1376.88,NAVD 88,,VERTCON3,-18.576,GEOID18,,,,,,,,,3,,,,,,NE,207875.109,176119.592,-2 34 40.4,0.99944840,13,4610404.033,592444.598,+0 44 15.3,0.99970517,C,1960,1960,MONUMENTED,USGS,,DD = SURVEY DISK,7 = SET IN TOP OF CONCRETE MONUMENT,11 JMR 1960 4515
,20260102,http://www.ngs.noaa.gov/cgi-bin/ds_mark.prl?PidBox=MK1260,MK1260,110,,,,NE,COLFAX,SCHUYLER (2017),41 26 58.     (N),097 03 23.     (W),41.4494444444,-97.0563888889,,NAD 83,(1986),,SCALED,410.995,NAVD 88,,ADJUSTED,-25.760,GEOID18,410.817,980176.4,,,,,,,,2,0,,,,NE,183620.,745840.,,,,,,,,D,1934,1950,GOOD,CGS,,DD = SURVEY DISK,9 = POST (STONE OR PRECAST CONCRETE),110
,20260102,http://www.ngs.noaa.gov/cgi-bin/ds_mark.prl?PidBox=LF0640,LF0640,1106,,,,NE,RICHARDSON,BARADA (2017),40 11 21.     (N),095 35 49.     (W),40.1891666667,-95.5969444444,,NAD 83,(1986),,SCALED,336.742,NAVD 88,,ADJUSTED,-30.361,GEOID18,336.556,980062.9,,,,,,,,2,0,,,,NE,49060.,874760.,,,,,,,,D,1911,1980,GOOD,LOCSUR,,P = PIPE CAP,17 = SET INTO TOP OF METAL PIPE DRIVEN INTO GROUND,1106
,20260102,http://www.ngs.noaa.gov/cgi-bin/ds_mark.prl?PidBox=MK0798,MK0798,1109.99,,,,NE,SARPY,WANN (2017),41 08 49.     (N),096 17 13.     (W),41.1469444444,-96.2869444444,,NAD 83,(1986),,SCALED,338.109,NAVD 88,,ADJUSTED,-26.698,GEOID18,337.966,980191.7,,,,,,,,2,0,,,,NE,152540.,811510.,,,,,,,,C,UNK,1950,GOOD,CGS,,DD = SURVEY DISK,7 = SET IN TOP OF CONCRETE MONUMENT,1109.99
,20260102,http://www.ngs.noaa.gov/cgi-bin/ds_mark.prl?PidBox=LG0157,LG0157,1119 OMAHA,,,,NE,CASS,AVOCA (2017),40 51 25.     (N),096 02 42.     (W),40.8569444444,-96.0450000000,,NAD 83,(1986),,SCALED,340.433,NAVD 88,,ADJUSTED,-27.188,GEOID18,340.286,980182.8,,,,,,,,2,0,,,,NE,121270.,833260.,,,,,,,,D,1902,20180731,MARK NOT FOUND,JORSUR,,P = PIPE CAP,17 = SET INTO TOP OF METAL PIPE DRIVEN INTO GROUND,1119 OMAHA
,20260102,http://www.ngs.noaa.gov/cgi-bin/ds_mark.prl?PidBox=LG0016,LG0016,1121.76,,,,NE,OTOE,SYRACUSE (2017),40 40 04.     (N),096 10 44.     (W),40.6677777778,-96.1788888889,,NAD 83,(1986),,SCALED,342.239,NAVD 88,,ADJUSTED,-27.667,GEOID18,342.069,980118.3,,,,,,,,1,2,,,,NE,99780.,822920.,,,,,,,,C,UNK,1964,MARK NOT FOUND,USGS,,DB = BENCH MARK DISK,7 = SET IN TOP OF CONCRETE MONUMENT,
,20260102,http://www.ngs.noaa.gov/cgi-bin/ds_mark.prl?PidBox=MK1249,MK1249,113,,,,NE,PLATTE,COLUMBUS (2017),41 25 58.     (N),097 17 29.     (W),41.4327777778,-97.2913888889,,NAD 83,(1986),,SCALED,435.093,NAVD 88,,ADJUSTED,-25.443,GEOID18,434.904,980176.3,,,,,,,,2,0,,,,NE,181120.,726280.,,,,,,,,D,1934,1984,GOOD,LOCSUR,,DD = SURVEY DISK,9 = POST (STONE OR PRECAST CONCRETE),113
,20260102,http://www.ngs.noaa.gov/cgi-bin/ds_mark.prl?PidBox=LG0670,LG0670,113.8,,,,NE,FILLMORE,FAIRMONT (2017),40 38 10.     (N),097 36 13.     (W),40.6361111111,-97.6036111111,,NAD 83,(1986),,SCALED,503.932,NAVD 88,,ADJUSTED,-26.519,GEOID18,503.656,980061.9,,,,,,,,2,0,,,,NE,91940.,702650.,,,,,,,,D,UNK,1934,GOOD,CGS,,Q = CHISELED SQUARE,30 = SET IN A LIGHT STRUCTURE,
,20260102,http://www.ngs.noaa.gov/cgi-bin/ds_mark.prl?PidBox=MK1242,MK1242,114,,,,NE,PLATTE,COLUMBUS (2017),41 25 48.     (N),097 19 47.     (W),41.4300000000,-97.3297222222,,NAD 83,(1986),,SCALED,435.930,NAVD 88,,ADJUSTED,-25.407,GEOID18,435.740,980173.7,,,,,,,,2,0,,,,NE,180720.,723090.,,,,,,,,D,1934,1957,MARK NOT FOUND,USGS,,DD = SURVEY DISK,9 = POST (STONE OR PRECAST CONCRETE),114
,20260102,http://www.ngs.noaa.gov/cgi-bin/ds_mark.prl?PidBox=LG0310,LG0310,1179.1,,,,NE,LANCASTER,LINCOLN (2017),40 48 50.     (N),096 42 28.     (W),40.8138888889,-96.7077777778,,NAD 83,(1986),,SCALED,359.638,NAVD 88,,ADJUSTED,-26.046,GEOID18,359.479,980171.1,,,,,,,,1,2,,,,NE,114160.,777630.,,,,,,,,B,1933,19911022,MARK NOT FOUND,NGS,,Q = CHISELED SQUARE,36 = SET IN A MASSIVE STRUCTURE,
,20260102,http://www.ngs.noaa.gov/cgi-bin/ds_mark.prl?PidBox=LG0361,LG0361,1196,,,,NE,LANCASTER,ROCA (2017),40 41 53.     (N),096 41 19.     (W),40.6980555556,-96.6886111111,,NAD 83,(1986),,SCALED,364.299,NAVD 88,,ADJUSTED,-25.916,GEOID18,364.142,980181.6,,,,,,,,2,0,,,,NE,101370.,779740.,,,,,,,,D,UNK,1963,MARK NOT FOUND,CGS,,P = PIPE CAP,17 = SET INTO TOP OF METAL PIPE DRIVEN INTO GROUND,ELEV 1195
,20260102,http://www.ngs.noaa.gov/cgi-bin/ds_mark.prl?PidBox=NQ0694,NQ0694,12 DHW,,,,NE,SIOUX,SHERRILL HILLS (2018),42 58 18.     (N),104 01 13.     (W),42.9716666667,-104.0202777778,,NAD 83,(1986),,SCALED,1224.627,NAVD 88,,ADJUSTED,-15.251,GEOID18,1224.020,980081.7,,,,,,,,3,,,,,NE,356100.,172150.,,,,,,,,B,1974,1974,MONUMENTED,USGS,Y,DB = BENCH MARK DISK,46 = COPPER-CLAD STEEL ROD W/O SLEEVE (10 FT.+),12 DHW 1974
,20260102,http://www.ngs.noaa.gov/cgi-bin/ds_mark.prl?PidBox=NO0255,NO0255,1214.00,,,,NE,HOOKER,HIRE SE (2017),42 01 59.     (N),101 21 02.     (W),42.0330555556,-101.3505555556,,NAD 83,(1986),,SCALED,1050.338,NAVD 88,,ADJUSTED,-20.073,GEOID18,1049.765,980040.3,,,,,,,,2,0,,,,NE,245100.,388200.,,,,,,,,D,UNK,1934,GOOD,CGS,,P = PIPE CAP,17 = SET INTO TOP OF METAL PIPE DRIVEN INTO GROUND,CB+Q BM 1214
,20260102,http://www.ngs.noaa.gov/cgi-bin/ds_mark.prl?PidBox=MJ0916,MJ0916,122/1 BOLT,,,,NE,DOUGLAS,OMAHA NORTH (2017),41 18 23.     (N),095 56 14.     (W),41.3063888889,-95.9372222222,,NAD 83,(1986),,SCALED,299.588,NAVD 88,,ADJUSTED,-27.762,GEOID18,299.461,980191.5,,,,,,,,1,2,,,,NE,171540.,840000.,,,,,,,,D,UNK,19880510,GOOD,NGS,Y,B = BOLT,31 = SET IN A PAVEMENT SUCH AS STREET SIDEWALK CURB ETC.,
,20260102,http://www.ngs.noaa.gov/cgi-bin/ds_mark.prl?PidBox=MJ0915,MJ0915,122/1 CAP,,,,NE,DOUGLAS,OMAHA NORTH (2017),41 18 23.     (N),095 56 13.     (W),41.3063888889,-95.9369444444,,NAD 83,(1986),,SCALED,300.826,NAVD 88,,ADJUSTED,-27.762,GEOID18,300.698,980191.6,,,,,,,,1,2,,,,NE,171540.,840020.,,,,,,,,D,UNK,19880510,GOOD,NGS,N,P = PIPE CAP,17 = SET INTO TOP OF METAL PIPE DRIVEN INTO GROUND,
,20260102,http://www.ngs.noaa.gov/cgi-bin/ds_mark.prl?PidBox=NO0526,NO0526,1249,,,,NE,CHERRY,ELL LAKE (2017),42 41 16.     (N),100 32 11.     (W),42.6877777778,-100.5363888889,,NAD 83,(1986),,SCALED,872.563,NAVD 88,,ADJUSTED,-21.599,GEOID18,872.185,980158.2,,,,,,,,1,2,,,,NE,317080.,456050.,,,,,,,,B,UNK,19950908,GOOD,NEDR,N,DD = SURVEY DISK,37 = SET IN A MASSIVE RETAINING WALL,1249 02 2861.76
,20260102,http://www.ngs.noaa.gov/cgi-bin/ds_mark.prl?PidBox=AG9633,AG9633,1249 RESET,,,,NE,CHERRY,ELL LAKE (2017),42 41 16.     (N),100 32 11.     (W),42.6877777778,-100.5363888889,,NAD 83,(1986),,SCALED,872.02,NAVD 88,,RESET,-21.599,GEOID18,,,,,,,,,,3,,,,,NE,317080.,456050.,,,,,,,,B,1995,1995,MONUMENTED,NEDR,N,DV = VERTICAL CONTROL DISK,38 = SET IN THE ABUTMENT OR PIER OF A LARGE BRIDGE,1249 + 02 RESET 1995
,20260102,http://www.ngs.noaa.gov/cgi-bin/ds_mark.prl?PidBox=LG0975,LG0975,1289 FEET OMAHA,,,,NE,OTOE,BURR (2017),40 33 59.57019(N),096 17 37.59493(W),40.5665472750,-96.2937763694,,NAD 83,(1995),,ADJUSTED,392.1,NAVD 88,,VERTCON3,-27.670,GEOID18,,,,,,,,,2,,,,,,NE,88133.283,813696.193,+2 27 22.0,0.99973465,14,4494161.464,729095.316,+1 45 38.5,1.00024608,D,1902,1902,MONUMENTED,USGS,,P = PIPE CAP,17 = SET INTO TOP OF METAL PIPE DRIVEN INTO GROUND,1289 OMAHA
,20260102,http://www.ngs.noaa.gov/cgi-bin/ds_mark.prl?PidBox=MJ1341,MJ1341,13 B,,,,NE,DOUGLAS,OMAHA NORTH (2017),41 20 41.     (N),095 57 35.     (W),41.3447222222,-95.9597222222,,NAD 83,(1986),,SCALED,314.323,NAVD 88,,ADJUSTED,-27.949,GEOID18,314.187,980182.3,,,,,,,,1,2,,,,NE,175700.,837920.,,,,,,,,D,1989,19890801,GOOD,NGS,N,Z = SEE DESCRIPTION,31 = SET IN A PAVEMENT SUCH AS STREET SIDEWALK CURB ETC.,BM 13-B NDOR 1989
,20260102,http://www.ngs.noaa.gov/cgi-bin/ds_mark.prl?PidBox=NQ0695,NQ0695,13 DHW,,,,NE,SIOUX,SHERRILL HILLS (2018),42 58 19.     (N),104 03 12.     (W),42.9719444444,-104.0533333333,,NAD 83,(1986),,SCALED,1229.085,NAVD 88,,ADJUSTED,-15.182,GEOID18,1228.463,980071.9,,,,,,,,3,,,,,NE,356250.,169460.,,,,,,,,D,1974,1974,MONUMENTED,USGS,Y,DB = BENCH MARK DISK,15 = METAL ROD DRIVEN INTO GROUND. SEE TEXT FOR ADDITIONAL INFORMATION.,13 DHW 1974
,20260102,http://www.ngs.noaa.gov/cgi-bin/ds_mark.prl?PidBox=NM0741,NM0741,1341.03,,,,NE,CUMING,BANCROFT (2017),42 00 50.3    (N),096 34 22.6    (W),42.0139722222,-96.5729444444,,NAD 83,(1986),,HD_HELD2,408.289,NAVD 88,,ADJUSTED,-25.630,GEOID18,408.141,980247.9,,,,,,,,2,0,,,,NE,247733.,783712.,,,,,,,,B,UNK,1947,GOOD,CGS,,DD = SURVEY DISK,36 = SET IN A MASSIVE STRUCTURE,1341.03
,20260102,http://www.ngs.noaa.gov/cgi-bin/ds_mark.prl?PidBox=MK1663,MK1663,136 RESET,,,,NE,BOONE,SAINT EDWARD SW (2017),41 34 05.     (N),097 57 54.     (W),41.5680555556,-97.9650000000,,NAD 83,(1986),,SCALED,557.87,NAVD 88,,RESET,-24.613,GEOID18,,,,,,,,,,3,,,,,NE,194600.,669660.,,,,,,,,C,1964,20241125,MARK NOT FOUND,NDOT,,DD = SURVEY DISK,7 = SET IN TOP OF CONCRETE MONUMENT,136
,20260102,http://www.ngs.noaa.gov/cgi-bin/ds_mark.prl?PidBox=MK1658,MK1658,137,,,,NE,BOONE,SAINT EDWARD SW (2017),41 34 06.     (N),097 54 27.     (W),41.5683333333,-97.9075000000,,NAD 83,(1986),,SCALED,540.343,NAVD 88,,ADJUSTED,-24.623,GEOID18,540.104,980163.1,,,,,,,,2,0,,,,NE,194740.,674460.,,,,,,,,D,1934,1950,GOOD,CGS,,DD = SURVEY DISK,9 = POST (STONE OR PRECAST CONCRETE),137
,20260102,http://www.ngs.noaa.gov/cgi-bin/ds_mark.prl?PidBox=MK1659,MK1659,137 RESET,,,,NE,BOONE,SAINT EDWARD SW (2017),41 34 06.     (N),097 54 26.     (W),41.5683333333,-97.9072222222,,NAD 83,(1986),,SCALED,539.84,NAVD 88,,RESET,-24.623,GEOID18,,,,,,,,,,3,,,,,NE,194740.,674480.,,,,,,,,C,1964,20241125,MARK NOT FOUND,NDOT,,DD = SURVEY DISK,7 = SET IN TOP OF CONCRETE MONUMENT,137
,20260102,http://www.ngs.noaa.gov/cgi-bin/ds_mark.prl?PidBox=MK1723,MK1723,139,,,,NE,BOONE,SAINT EDWARD (2017),41 32 25.     (N),097 50 34.     (W),41.5402777778,-97.8427777778,,NAD 83,(1986),,SCALED,501.947,NAVD 88,,ADJUSTED,-24.727,GEOID18,501.725,980164.1,,,,,,,,2,0,,,,NE,191760.,679930.,,,,,,,,D,1934,1950,GOOD,CGS,,DD = SURVEY DISK,9 = POST (STONE OR PRECAST CONCRETE),139
,20260102,http://www.ngs.noaa.gov/cgi-bin/ds_mark.prl?PidBox=MJ0924,MJ0924,14,,,,NE,DOUGLAS,OMAHA NORTH (2017),41 17 49.     (N),095 53 58.     (W),41.2969444444,-95.8994444444,,NAD 83,(1986),,SCALED,297.509,NAVD 88,,ADJUSTED,-27.741,GEOID18,297.384,980196.7,,,,,,,,1,2,,,,NE,170640.,843200.,,,,,,,,C,UNK,1955,MARK NOT FOUND,USGS,,Z = SEE DESCRIPTION,7 = SET IN TOP OF CONCRETE MONUMENT,
,20260102,http://www.ngs.noaa.gov/cgi-bin/ds_mark.prl?PidBox=NM1380,NM1380,14 HS,,,,NE,KNOX,SPRINGFIELD (2017),42 47 02.     (N),097 52 34.     (W),42.7838888889,-97.8761111111,,NAD 83,(1986),,SCALED,440.352,NAVD 88,,ADJUSTED,-25.851,GEOID18,440.202,980267.8,,,,,,,,2,0,,,,NE,329750.,673760.,,,,,,,,D,1946,1970,GOOD,NGS,,DD = SURVEY DISK,0 = UNSPECIFIED SETTING,14 HS 1946
,20260102,http://www.ngs.noaa.gov/cgi-bin/ds_mark.prl?PidBox=MK1726,MK1726,140,,,,NE,NANCE,SAINT EDWARD (2017),41 30 46.     (N),097 48 39.     (W),41.5127777778,-97.8108333333,,NAD 83,(1986),,SCALED,494.510,NAVD 88,,ADJUSTED,-24.849,GEOID18,494.285,980153.0,,,,,,,,2,0,,,,NE,188770.,682670.,,,,,,,,D,1934,1950,GOOD,CGS,,DD = SURVEY DISK,9 = POST (STONE OR PRECAST CONCRETE),140
,20260102,http://www.ngs.noaa.gov/cgi-bin/ds_mark.prl?PidBox=NM0482,NM0482,140/1 BOLT,,,,NE,DAKOTA,HOMER (2017),42 17 17.     (N),096 23 58.     (W),42.2880555556,-96.3994444444,,NAD 83,(1986),,SCALED,328.953,NAVD 88,,ADJUSTED,-26.045,GEOID18,328.845,980284.5,,,,,,,,2,0,,,,NE,278730.,796800.,,,,,,,,D,UNK,1949,GOOD,CGS,,B = BOLT,30 = SET IN A LIGHT STRUCTURE,
,20260102,http://www.ngs.noaa.gov/cgi-bin/ds_mark.prl?PidBox=NM0481,NM0481,140/1 CAP,,,,NE,DAKOTA,HOMER (2017),42 17 17.     (N),096 23 58.     (W),42.2880555556,-96.3994444444,,NAD 83,(1986),,SCALED,330.195,NAVD 88,,ADJUSTED,-26.045,GEOID18,330.086,980284.5,,,,,,,,2,0,,,,NE,278730.,796800.,,,,,,,,D,UNK,1949,GOOD,CGS,,P = PIPE CAP,17 = SET INTO TOP OF METAL PIPE DRIVEN INTO GROUND,
,20260102,http://www.ngs.noaa.gov/cgi-bin/ds_mark.prl?PidBox=NM0474,NM0474,141/1 BOLT,,,,NE,DAKOTA,HOMER (2017),42 21 00.     (N),096 26 53.     (W),42.3500000000,-96.4480555556,,NAD 83,(1986),,SCALED,332.535,NAVD 88,,ADJUSTED,-25.967,GEOID18,332.427,980288.5,,,,,,,,2,0,,,,NE,285430.,792510.,,,,,,,,D,UNK,1949,GOOD,CGS,,B = BOLT,31 = SET IN A PAVEMENT SUCH AS STREET SIDEWALK CURB ETC.,
,20260102,http://www.ngs.noaa.gov/cgi-bin/ds_mark.prl?PidBox=NM0473,NM0473,141/1 CAP,,,,NE,DAKOTA,HOMER (2017),42 21 00.     (N),096 26 53.     (W),42.3500000000,-96.4480555556,,NAD 83,(1986),,SCALED,333.773,NAVD 88,,ADJUSTED,-25.967,GEOID18,333.665,980288.5,,,,,,,,2,0,,,,NE,285430.,792510.,,,,,,,,D,UNK,1949,GOOD,CGS,,P = PIPE CAP,17 = SET INTO TOP OF METAL PIPE DRIVEN INTO GROUND,
,20260102,http://www.ngs.noaa.gov/cgi-bin/ds_mark.prl?PidBox=LG0422,LG0422,1476.6,,,,NE,SALINE,DORCHESTER (2017),40 38 24.     (N),097 07 22.     (W),40.6400000000,-97.1227777778,,NAD 83,(1986),,SCALED,450.269,NAVD 88,,ADJUSTED,-26.948,GEOID18,450.019,980056.6,,,,,,,,1,2,,,,NE,93610.,743290.,,,,,,,,C,UNK,19911006,MARK NOT FOUND,NGS,,Q = CHISELED SQUARE,32 = SET IN A RETAINING WALL OR CONCRETE LEDGE,US BM 1476.6
,20260102,http://www.ngs.noaa.gov/cgi-bin/ds_mark.prl?PidBox=AB4119,AB4119,15 JLK,,,,NE,HAYES,HAMLET (2017),40 24 28.56741(N),101 13 47.33245(W),40.4079353917,-101.2298145694,914.562,NAD 83,(2011),2010.00,ADJUSTED,937.5,NAVD 88,,GPS OBS,-22.862,GEOID18,,,0.43,1.16,0.20,0.14,0.59,-0.01675315,,,,-947270.660,-4771035.108,4113173.645,NE,64541.299,395629.170,-0 48 54.0,0.99969702,14,4475422.905,310793.447,-1 26 45.1,1.00004069,B,1973,20200213,GOOD,NEGS,Y,DB = BENCH MARK DISK,46 = COPPER-CLAD STEEL ROD W/O SLEEVE (10 FT.+),15 JLK 1973 3074
,20260102,http://www.ngs.noaa.gov/cgi-bin/ds_mark.prl?PidBox=LH0206,LH0206,1596.3,,,,NE,NUCKOLLS,SUPERIOR (2017),40 01 52.     (N),098 07 13.     (W),40.0311111111,-98.1202777778,,NAD 83,(1986),,SCALED,486.675,NAVD 88,,ADJUSTED,-26.077,GEOID18,486.390,980023.6,,,,,,,,1,2,,,,NE,23710.,660430.,,,,,,,,C,UNK,1947,GOOD,CGS,,Q = CHISELED SQUARE,32 = SET IN A RETAINING WALL OR CONCRETE LEDGE,
,20260102,http://www.ngs.noaa.gov/cgi-bin/ds_mark.prl?PidBox=LH0211,LH0211,1602.9,,,,NE,NUCKOLLS,BOSTWICK (2017),40 02 35.     (N),098 10 39.     (W),40.0430555556,-98.1775000000,,NAD 83,(1986),,SCALED,488.718,NAVD 88,,ADJUSTED,-26.051,GEOID18,488.431,980024.4,,,,,,,,1,2,,,,NE,24930.,655520.,,,,,,,,B,UNK,1947,GOOD,CGS,,Q = CHISELED SQUARE,36 = SET IN A MASSIVE STRUCTURE,
,20260102,http://www.ngs.noaa.gov/cgi-bin/ds_mark.prl?PidBox=LH0222,LH0222,1611.1,,,,NE,NUCKOLLS,GUIDE ROCK (2017),40 03 48.     (N),098 15 18.     (W),40.0633333333,-98.2550000000,,NAD 83,(1986),,SCALED,491.208,NAVD 88,,ADJUSTED,-26.041,GEOID18,490.916,980018.0,,,,,,,,1,2,,,,NE,27040.,648860.,,,,,,,,C,UNK,1947,GOOD,CGS,,Q = CHISELED SQUARE,32 = SET IN A RETAINING WALL OR CONCRETE LEDGE,
,20260102,http://www.ngs.noaa.gov/cgi-bin/ds_mark.prl?PidBox=LH0214,LH0214,1614.0,,,,NE,NUCKOLLS,BOSTWICK (2017),40 03 05.     (N),098 11 50.     (W),40.0513888889,-98.1972222222,,NAD 83,(1986),,SCALED,492.101,NAVD 88,,ADJUSTED,-26.047,GEOID18,491.812,980022.9,,,,,,,,1,2,,,,NE,25820.,653820.,,,,,,,,B,UNK,1947,GOOD,CGS,,Q = CHISELED SQUARE,36 = SET IN A MASSIVE STRUCTURE,
,20260102,http://www.ngs.noaa.gov/cgi-bin/ds_mark.prl?PidBox=LH0224,LH0224,1618.6,,,,NE,WEBSTER,GUIDE ROCK (2017),40 03 55.     (N),098 16 25.     (W),40.0652777778,-98.2736111111,,NAD 83,(1986),,SCALED,493.502,NAVD 88,,ADJUSTED,-26.037,GEOID18,493.208,980015.0,,,,,,,,1,2,,,,NE,27230.,647270.,,,,,,,,D,UNK,1947,GOOD,CGS,,N = NAIL,33 = WOODEN OBJECT (DRIVEN IN A PILE POLE TREE OR STUMP),USGS BM
,20260102,http://www.ngs.noaa.gov/cgi-bin/ds_mark.prl?PidBox=LH0235,LH0235,1644.6,,,,NE,WEBSTER,GUIDE ROCK (2017),40 04 16.     (N),098 22 01.     (W),40.0711111111,-98.3669444444,,NAD 83,(1986),,SCALED,501.448,NAVD 88,,ADJUSTED,-26.008,GEOID18,501.148,980012.1,,,,,,,,1,2,,,,NE,27720.,639300.,,,,,,,,B,UNK,1947,GOOD,CGS,,Q = CHISELED SQUARE,36 = SET IN A MASSIVE STRUCTURE,
,20260102,http://www.ngs.noaa.gov/cgi-bin/ds_mark.prl?PidBox=LH0233,LH0233,1646.5,,,,NE,WEBSTER,GUIDE ROCK (2017),40 04 20.     (N),098 21 18.     (W),40.0722222222,-98.3550000000,,NAD 83,(1986),,SCALED,502.021,NAVD 88,,ADJUSTED,-26.014,GEOID18,501.722,980013.7,,,,,,,,1,2,,,,NE,27860.,640310.,,,,,,,,B,UNK,1947,GOOD,CGS,,Q = CHISELED SQUARE,36 = SET IN A MASSIVE STRUCTURE,
,20260102,http://www.ngs.noaa.gov/cgi-bin/ds_mark.prl?PidBox=LH0232,LH0232,1647.2,,,,NE,WEBSTER,GUIDE ROCK (2017),40 04 16.     (N),098 20 39.     (W),40.0711111111,-98.3441666667,,NAD 83,(1986),,SCALED,502.234,NAVD 88,,ADJUSTED,-26.017,GEOID18,501.935,980015.5,,,,,,,,1,2,,,,NE,27750.,641240.,,,,,,,,B,UNK,20100126,GOOD,NEGS,N,Q = CHISELED SQUARE,36 = SET IN A MASSIVE STRUCTURE,
,20260102,http://www.ngs.noaa.gov/cgi-bin/ds_mark.prl?PidBox=LH0236,LH0236,1648.7,,,,NE,WEBSTER,AMBOY (2017),40 04 14.     (N),098 22 52.     (W),40.0705555556,-98.3811111111,,NAD 83,(1986),,SCALED,502.677,NAVD 88,,ADJUSTED,-26.002,GEOID18,502.375,980010.3,,,,,,,,1,2,,,,NE,27630.,638090.,,,,,,,,B,UNK,1947,GOOD,CGS,,Q = CHISELED SQUARE,36 = SET IN A MASSIVE STRUCTURE,
,20260102,http://www.ngs.noaa.gov/cgi-bin/ds_mark.prl?PidBox=LH0227,LH0227,1649.0,,,,NE,WEBSTER,GUIDE ROCK (2017),40 04 12.     (N),098 19 08.     (W),40.0700000000,-98.3188888889,,NAD 83,(1986),,SCALED,502.793,NAVD 88,,ADJUSTED,-26.027,GEOID18,502.495,980017.1,,,,,,,,1,2,,,,NE,27670.,643400.,,,,,,,,B,UNK,20100126,GOOD,NEGS,N,Q = CHISELED SQUARE,36 = SET IN A MASSIVE STRUCTURE,
,20260102,http://www.ngs.noaa.gov/cgi-bin/ds_mark.prl?PidBox=LH0230,LH0230,1651.4,,,,NE,WEBSTER,GUIDE ROCK (2017),40 04 13.     (N),098 19 53.     (W),40.0702777778,-98.3313888889,,NAD 83,(1986),,SCALED,503.517,NAVD 88,,ADJUSTED,-26.022,GEOID18,503.219,980018.0,,,,,,,,1,2,,,,NE,27680.,642330.,,,,,,,,D,UNK,20091029,MARK NOT FOUND,NEDR,,Q = CHISELED SQUARE,30 = SET IN A LIGHT STRUCTURE,
,20260102,http://www.ngs.noaa.gov/cgi-bin/ds_mark.prl?PidBox=LH0239,LH0239,1660.3,,,,NE,WEBSTER,AMBOY (2017),40 04 50.     (N),098 24 57.     (W),40.0805555556,-98.4158333333,,NAD 83,(1986),,SCALED,506.222,NAVD 88,,ADJUSTED,-25.998,GEOID18,505.917,980008.2,,,,,,,,1,2,,,,NE,28690.,635110.,,,,,,,,B,UNK,1947,GOOD,CGS,,Q = CHISELED SQUARE,36 = SET IN A MASSIVE STRUCTURE,
,20260102,http://www.ngs.noaa.gov/cgi-bin/ds_mark.prl?PidBox=LH0241,LH0241,1671.5,,,,NE,WEBSTER,AMBOY (2017),40 05 02.     (N),098 26 05.     (W),40.0838888889,-98.4347222222,,NAD 83,(1986),,SCALED,509.645,NAVD 88,,ADJUSTED,-25.994,GEOID18,509.338,980007.7,,,,,,,,1,2,,,,NE,29030.,633490.,,,,,,,,B,UNK,1947,GOOD,CGS,,Q = CHISELED SQUARE,36 = SET IN A MASSIVE STRUCTURE,
,20260102,http://www.ngs.noaa.gov/cgi-bin/ds_mark.prl?PidBox=AI3465,AI3465,17 10,,,,NE,RED WILLOW,MCCOOK WEST (2017),40 13 45.63   (N),100 39 09.83   (W),40.2293416667,-100.6527305556,,NAD 83,(1986),,HD_HELD1,801.383,NAVD 88,,ADJUSTED,-23.895,GEOID18,800.850,979932.9,,,,,,,,2,1,,,,NE,44180.0,444453.6,,,,,,,,C,UNK,19991103,GOOD,NGS,Y,DB = BENCH MARK DISK,32 = SET IN A RETAINING WALL OR CONCRETE LEDGE,17-10
,20260102,http://www.ngs.noaa.gov/cgi-bin/ds_mark.prl?PidBox=LH0246,LH0246,1709.23,,,,NE,WEBSTER,AMBOY (2017),40 07 05.     (N),098 26 39.     (W),40.1180555556,-98.4441666667,,NAD 83,(1986),,SCALED,521.161,NAVD 88,,ADJUSTED,-25.991,GEOID18,520.846,980004.2,,,,,,,,1,2,,,,NE,32810.,632620.,,,,,,,,B,UNK,1947,GOOD,CGS,,Q = CHISELED SQUARE,36 = SET IN A MASSIVE STRUCTURE,
,20260102,http://www.ngs.noaa.gov/cgi-bin/ds_mark.prl?PidBox=MN0252,MN0252,188,,,,NE,SCOTTS BLUFF,MORRILL (2017),41 58 02.     (N),103 59 44.     (W),41.9672222222,-103.9955555556,,NAD 83,(1986),,SCALED,1227.26,NAVD 88,,VERTCON3,-18.163,GEOID18,,,,,,,,,,,,,,,NE,244570.,169020.,,,,,,,,D,UNK,1934,GOOD,CGS,,B = BOLT,30 = SET IN A LIGHT STRUCTURE,
,20260102,http://www.ngs.noaa.gov/cgi-bin/ds_mark.prl?PidBox=MN0273,MN0273,188 A,,,,NE,SCOTTS BLUFF,SCOTTSBLUFF SOUTH (2017),41 51 37.     (N),103 39 46.     (W),41.8602777778,-103.6627777778,,NAD 83,(1986),,SCALED,1185.336,NAVD 88,,ADJUSTED,-18.947,GEOID18,1184.573,979938.2,,,,,,,,2,0,,,,NE,231480.,196060.,,,,,,,,D,UNK,1934,GOOD,CGS,,DD = SURVEY DISK,30 = SET IN A LIGHT STRUCTURE,
,20260102,http://www.ngs.noaa.gov/cgi-bin/ds_mark.prl?PidBox=MK1585,MK1585,2,,,,NE,NANCE,GENOA (2017),41 26 27.     (N),097 44 30.     (W),41.4408333333,-97.7416666667,,NAD 83,(1986),,SCALED,477.583,NAVD 88,,ADJUSTED,-25.096,GEOID18,477.361,980143.3,,,,,,,,2,0,,,,NE,180940.,688650.,,,,,,,,B,1950,1950,GOOD,CGS,,DD = SURVEY DISK,36 = SET IN A MASSIVE STRUCTURE,NO 2 1950
,20260102,http://www.ngs.noaa.gov/cgi-bin/ds_mark.prl?PidBox=NO0523,NO0523,2 F,,,,NE,CHERRY,ELL LAKE (2017),42 44 35.     (N),100 32 08.     (W),42.7430555556,-100.5355555556,,NAD 83,(1986),,SCALED,853.549,NAVD 88,,ADJUSTED,-21.637,GEOID18,853.191,980172.4,,,,,,,,1,2,,,,NE,323220.,456150.,,,,,,,,D,1947,19910803,GOOD,NGS,Y,DB = BENCH MARK DISK,9 = POST (STONE OR PRECAST CONCRETE),2 F 1947
,20260102,http://www.ngs.noaa.gov/cgi-bin/ds_mark.prl?PidBox=AI7687,AI7687,2 F RESET,,,,NE,CHERRY,ELL LAKE (2017),42 44 35.68   (N),100 32 11.98   (W),42.7432444444,-100.5366611111,,NAD 83,(1986),,HD_HELD1,853.90,NAVD 88,,RESET,-21.635,GEOID18,,,,,,,,,,3,,,,,NE,323236.2,456063.4,,,,,,,,C,1995,1995,MONUMENTED,NGS,,DB = BENCH MARK DISK,7 = SET IN TOP OF CONCRETE MONUMENT,2 F 1947 RESET 1995
,20260102,http://www.ngs.noaa.gov/cgi-bin/ds_mark.prl?PidBox=LH0665,LH0665,21 WR,,,,NE,BUFFALO,MILLER NE (2017),40 59 19.     (N),099 20 54.     (W),40.9886111111,-99.3483333333,,NAD 83,(1986),,SCALED,706.595,NAVD 88,,ADJUSTED,-23.794,GEOID18,706.204,980046.5,,,,,,,,2,0,,,,NE,128470.,554820.,,,,,,,,C,1949,1949,GOOD,CGS,,DB = BENCH MARK DISK,7 = SET IN TOP OF CONCRETE MONUMENT,21 WR TT 1949
,20260102,http://www.ngs.noaa.gov/cgi-bin/ds_mark.prl?PidBox=ML0201,ML0201,22 391,,,,NE,HOWARD,WOLBACH SW (2017),41 17 09.     (N),098 24 55.     (W),41.2858333333,-98.4152777778,,NAD 83,(1986),,SCALED,558.938,NAVD 88,,ADJUSTED,-24.635,GEOID18,558.659,980107.2,,,,,,,,2,0,,,,NE,162480.,632700.,,,,,,,,C,UNK,1950,GOOD,CGS,,DD = SURVEY DISK,7 = SET IN TOP OF CONCRETE MONUMENT,22 391
,20260102,http://www.ngs.noaa.gov/cgi-bin/ds_mark.prl?PidBox=LH0667,LH0667,22 WR,,,,NE,BUFFALO,MILLER NE (2017),40 59 18.     (N),099 18 52.     (W),40.9883333333,-99.3144444444,,NAD 83,(1986),,SCALED,711.273,NAVD 88,,ADJUSTED,-23.831,GEOID18,710.881,980048.8,,,,,,,,2,0,,,,NE,128460.,557670.,,,,,,,,C,1949,1949,GOOD,CGS,,DD = SURVEY DISK,7 = SET IN TOP OF CONCRETE MONUMENT,22 WR TT 1949
,20260102,http://www.ngs.noaa.gov/cgi-bin/ds_mark.prl?PidBox=ML0568,ML0568,2259.1,,,,NE,LOUP,TAYLOR (2017),41 46 35.     (N),099 22 46.     (W),41.7763888889,-99.3794444444,,NAD 83,(1986),,SCALED,688.818,NAVD 88,,ADJUSTED,-23.085,GEOID18,688.486,980117.8,,,,,,,,1,2,,,,NE,215910.,551580.,,,,,,,,B,UNK,1935,GOOD,CGS,,X = CHISELED CROSS,36 = SET IN A MASSIVE STRUCTURE,
,20260102,http://www.ngs.noaa.gov/cgi-bin/ds_mark.prl?PidBox=ML0951,ML0951,23 HK,,,,NE,BLAINE,ALMERIA SW (2017),41 52 00.     (N),099 42 24.     (W),41.8666666667,-99.7066666667,,NAD 83,(1986),,SCALED,772.731,NAVD 88,,ADJUSTED,-22.593,GEOID18,772.356,980111.3,,,,,,,,2,0,,,,NE,225790.,524350.,,,,,,,,C,1949,1950,GOOD,CGS,,DB = BENCH MARK DISK,7 = SET IN TOP OF CONCRETE MONUMENT,23 HK 1949
,20260102,http://www.ngs.noaa.gov/cgi-bin/ds_mark.prl?PidBox=LG0460,LG0460,23 M,,,,NE,FILLMORE,EXETER (2017),40 37 34.     (N),097 26 40.     (W),40.6261111111,-97.4444444444,,NAD 83,(1986),,SCALED,489.948,NAVD 88,,ADJUSTED,-26.764,GEOID18,489.678,980058.4,,,,,,,,1,2,,,,NE,91220.,716140.,,,,,,,,C,1935,19911006,MARK NOT FOUND,NGS,,DD = SURVEY DISK,7 = SET IN TOP OF CONCRETE MONUMENT,1607 23 M 1935
,20260102,http://www.ngs.noaa.gov/cgi-bin/ds_mark.prl?PidBox=LH0669,LH0669,23 WR,,,,NE,BUFFALO,MILLER NE (2017),40 59 19.66   (N),099 16 26.54   (W),40.9887944444,-99.2740388889,,NAD 83,(1986),,HD_HELD1,690.184,NAVD 88,,ADJUSTED,-23.874,GEOID18,689.805,980052.9,,,,,,,,2,0,,,,NE,128543.3,561070.1,,,,,,,,C,1949,20210608,GOOD,NEGS,Y,DB = BENCH MARK DISK,7 = SET IN TOP OF CONCRETE MONUMENT,23 WR 1949
,20260102,http://www.ngs.noaa.gov/cgi-bin/ds_mark.prl?PidBox=NO0254,NO0254,232 B,,,,NE,HOOKER,HIRE SE (2017),42 02 22.69   (N),101 22 17.44   (W),42.0396361111,-101.3715111111,,NAD 83,(1986),,HD_HELD1,1054.945,NAVD 88,,ADJUSTED,-20.032,GEOID18,1054.368,980038.6,,,,,,,,2,0,,,,NE,245859.6,386478.4,,,,,,,,D,UNK,1934,GOOD,CGS,,P = PIPE CAP,17 = SET INTO TOP OF METAL PIPE DRIVEN INTO GROUND,CB+Q BM 1229.00
,20260102,http://www.ngs.noaa.gov/cgi-bin/ds_mark.prl?PidBox=NO0250,NO0250,233 B,,,,NE,GRANT,HIRE SW (2017),42 02 26.83   (N),101 29 07.64   (W),42.0407861111,-101.4854555556,,NAD 83,(1986),,HD_HELD1,1084.430,NAVD 88,,ADJUSTED,-19.791,GEOID18,1083.837,980037.1,,,,,,,,2,0,,,,NE,246143.1,377050.2,,,,,,,,D,UNK,1934,GOOD,CGS,,P = PIPE CAP,17 = SET INTO TOP OF METAL PIPE DRIVEN INTO GROUND,CB+Q BM 1325.50
,20260102,http://www.ngs.noaa.gov/cgi-bin/ds_mark.prl?PidBox=NO0299,NO0299,234 A,,,,NE,GRANT,WHITMAN (2017),42 02 27.95   (N),101 30 17.58   (W),42.0410972222,-101.5048833333,,NAD 83,(1986),,HD_HELD1,1091.252,NAVD 88,,ADJUSTED,-19.740,GEOID18,1090.653,980035.1,,,,,,,,2,0,,,,NE,246205.5,375442.9,,,,,,,,D,UNK,1934,GOOD,CGS,,P = PIPE CAP,17 = SET INTO TOP OF METAL PIPE DRIVEN INTO GROUND,CB+Q BM 1348.00
,20260102,http://www.ngs.noaa.gov/cgi-bin/ds_mark.prl?PidBox=NO0296,NO0296,235 B,,,,NE,GRANT,WHITMAN (2017),42 01 58.     (N),101 33 40.     (W),42.0327777778,-101.5611111111,,NAD 83,(1986),,SCALED,1096.123,NAVD 88,,ADJUSTED,-19.601,GEOID18,1095.522,980035.8,,,,,,,,2,0,,,,NE,245360.,370770.,,,,,,,,D,UNK,19851008,MARK NOT FOUND,USPSQD,,P = PIPE CAP,17 = SET INTO TOP OF METAL PIPE DRIVEN INTO GROUND,CB+Q BM 1364
,20260102,http://www.ngs.noaa.gov/cgi-bin/ds_mark.prl?PidBox=NO0295,NO0295,236 A,,,,NE,GRANT,WHITMAN (2017),42 01 53.     (N),101 34 47.     (W),42.0313888889,-101.5797222222,,NAD 83,(1986),,SCALED,1100.050,NAVD 88,,ADJUSTED,-19.557,GEOID18,1099.447,980036.4,,,,,,,,2,0,,,,NE,245240.,369230.,,,,,,,,D,UNK,1934,GOOD,CGS,,P = PIPE CAP,17 = SET INTO TOP OF METAL PIPE DRIVEN INTO GROUND,CB+Q BM 1377.00
,20260102,http://www.ngs.noaa.gov/cgi-bin/ds_mark.prl?PidBox=NO0293,NO0293,236 B,,,,NE,GRANT,WHITMAN (2017),42 01 30.     (N),101 36 56.     (W),42.0250000000,-101.6155555556,,NAD 83,(1986),,SCALED,1109.514,NAVD 88,,ADJUSTED,-19.485,GEOID18,1108.910,980039.0,,,,,,,,2,0,,,,NE,244580.,366250.,,,,,,,,D,UNK,1934,GOOD,CGS,,P = PIPE CAP,17 = SET INTO TOP OF METAL PIPE DRIVEN INTO GROUND,CB+Q BM 1407.92
,20260102,http://www.ngs.noaa.gov/cgi-bin/ds_mark.prl?PidBox=NO0291,NO0291,237,,,,NE,GRANT,FRYE LAKE (2017),42 00 46.     (N),101 39 14.     (W),42.0127777778,-101.6538888889,,NAD 83,(1986),,SCALED,1114.184,NAVD 88,,ADJUSTED,-19.433,GEOID18,1113.578,980039.6,,,,,,,,2,0,,,,NE,243290.,363050.,,,,,,,,D,UNK,1981,GOOD,NEDR,,P = PIPE CAP,17 = SET INTO TOP OF METAL PIPE DRIVEN INTO GROUND,CB+Q BM 1423.00
,20260102,http://www.ngs.noaa.gov/cgi-bin/ds_mark.prl?PidBox=NO0292,NO0292,237 A,,,,NE,GRANT,FRYE LAKE (2017),42 01 07.     (N),101 38 17.     (W),42.0186111111,-101.6380555556,,NAD 83,(1986),,SCALED,1111.127,NAVD 88,,ADJUSTED,-19.452,GEOID18,1110.525,980041.6,,,,,,,,2,0,,,,NE,243910.,364370.,,,,,,,,D,UNK,1934,GOOD,CGS,,P = PIPE CAP,17 = SET INTO TOP OF METAL PIPE DRIVEN INTO GROUND,CB+Q BM 1413.03
,20260102,http://www.ngs.noaa.gov/cgi-bin/ds_mark.prl?PidBox=MM0015,MM0015,238 A,,,,NE,BLAINE,DUNNING (2017),41 49 19.     (N),100 06 03.     (W),41.8219444444,-100.1008333333,,NAD 83,(1986),,SCALED,800.995,NAVD 88,,ADJUSTED,-22.283,GEOID18,800.580,980078.1,,,,,,,,2,0,,,,NE,220790.,491630.,,,,,,,,B,UNK,19910417,GOOD,NEDR,Y,DD = SURVEY DISK,38 = SET IN THE ABUTMENT OR PIER OF A LARGE BRIDGE,C.B.Q.B.M.
,20260102,http://www.ngs.noaa.gov/cgi-bin/ds_mark.prl?PidBox=LG1192,LG1192,25 A,,,,NE,GAGE,BEATRICE EAST (2017),40 18 22.84161(N),096 44 53.74349(W),40.3063448917,-96.7482620806,,NAD 83,(1995),,ADJUSTED,392.,NAVD 88,,SCALED,-27.022,GEOID18,,,,,,,,,3,,,,,,NE,57716.954,776334.020,+2 09 17.7,0.99981830,14,4464192.422,691354.123,+1 27 25.3,1.00005076,C,1987,1987,MONUMENTED,NEDR,Y,DB = BENCH MARK DISK,7 = SET IN TOP OF CONCRETE MONUMENT,25A 1987
,20260102,http://www.ngs.noaa.gov/cgi-bin/ds_mark.prl?PidBox=LJ0132,LJ0132,2561,,,,NE,FRONTIER,CURTIS (2017),40 37 40.40   (N),100 30 53.65   (W),40.6278888889,-100.5149027778,,NAD 83,(1986),,HD_HELD1,780.186,NAVD 88,,ADJUSTED,-23.259,GEOID18,779.695,979968.8,,,,,,,,2,0,,,,NE,88348.6,456445.9,,,,,,,,D,1899,1954,GOOD,USGS,,P = PIPE CAP,17 = SET INTO TOP OF METAL PIPE DRIVEN INTO GROUND,2561 DATUM SIDNEY
,20260102,http://www.ngs.noaa.gov/cgi-bin/ds_mark.prl?PidBox=ML0938,ML0938,2562.6,,,,NE,BLAINE,BREWSTER SW (2017),41 49 02.     (N),099 58 15.     (W),41.8172222222,-99.9708333333,,NAD 83,(1986),,SCALED,781.893,NAVD 88,,ADJUSTED,-22.358,GEOID18,781.498,980091.1,,,,,,,,2,0,,,,NE,220260.,502420.,,,,,,,,B,UNK,1950,GOOD,CGS,,N = NAIL,36 = SET IN A MASSIVE STRUCTURE,
,20260102,http://www.ngs.noaa.gov/cgi-bin/ds_mark.prl?PidBox=MN0155,MN0155,26.35,,,,NE,MORRILL,ANGORA SE (2017),41 47 48.     (N),103 06 22.     (W),41.7966666667,-103.1061111111,,NAD 83,(1986),,SCALED,1237.760,NAVD 88,,POSTED,-19.297,GEOID18,1236.97,979940.1,,,,,,,,,,,,,NE,222620.,241980.,,,,,,,,B,UNK,1985,MARK NOT FOUND,NGS,,R = RIVET,36 = SET IN A MASSIVE STRUCTURE,
,20260102,http://www.ngs.noaa.gov/cgi-bin/ds_mark.prl?PidBox=LJ0029,LJ0029,2687,,,,NE,FRONTIER,EUSTIS (2017),40 40 15.     (N),100 06 17.     (W),40.6708333333,-100.1047222222,,NAD 83,(1986),,SCALED,818.733,NAVD 88,,ADJUSTED,-23.707,GEOID18,818.220,979970.7,,,,,,,,2,0,,,,NE,92990.,491150.,,,,,,,,D,1899,1941,GOOD,CGS,,P = PIPE CAP,17 = SET INTO TOP OF METAL PIPE DRIVEN INTO GROUND,2687 SIDNEY
,20260102,http://www.ngs.noaa.gov/cgi-bin/ds_mark.prl?PidBox=LJ0026,LJ0026,2691,,,,NE,FRONTIER,FARNAM (2017),40 41 37.     (N),100 09 07.     (W),40.6936111111,-100.1519444444,,NAD 83,(1986),,SCALED,819.832,NAVD 88,,ADJUSTED,-23.591,GEOID18,819.318,979970.1,,,,,,,,2,0,,,,NE,95530.,487160.,,,,,,,,D,1899,1950,GOOD,CGS,,P = PIPE CAP,17 = SET INTO TOP OF METAL PIPE DRIVEN INTO GROUND,SIDNEY 2691
,20260102,http://www.ngs.noaa.gov/cgi-bin/ds_mark.prl?PidBox=MM0087,MM0087,2714,,,,NE,LINCOLN,MAXWELL (2017),41 04 42.     (N),100 31 25.     (W),41.0783333333,-100.5236111111,,NAD 83,(1986),,SCALED,826.912,NAVD 88,,ADJUSTED,-22.569,GEOID18,826.418,979998.9,,,,,,,,1,2,,,,NE,138360.,456010.,,,,,,,,D,1899,1986,POOR,NGS,,P = PIPE CAP,17 = SET INTO TOP OF METAL PIPE DRIVEN INTO GROUND,2714 SIDNEY
,20260102,http://www.ngs.noaa.gov/cgi-bin/ds_mark.prl?PidBox=LJ0023,LJ0023,2729,,,,NE,DAWSON,FARNAM (2017),40 42 12.     (N),100 12 53.     (W),40.7033333333,-100.2147222222,,NAD 83,(1986),,SCALED,831.332,NAVD 88,,ADJUSTED,-23.480,GEOID18,830.811,979970.3,,,,,,,,2,0,,,,NE,96620.,481860.,,,,,,,,D,1899,1941,GOOD,CGS,,P = PIPE CAP,17 = SET INTO TOP OF METAL PIPE DRIVEN INTO GROUND,2729 SIDNEY
,20260102,http://www.ngs.noaa.gov/cgi-bin/ds_mark.prl?PidBox=MM0091,MM0091,2747,,,,NE,LINCOLN,MAXWELL (2017),41 06 03.     (N),100 36 02.     (W),41.1008333333,-100.6005555556,,NAD 83,(1986),,SCALED,836.894,NAVD 88,,POSTED,-22.417,GEOID18,836.40,980000.1,,,,,,,,,,,,,NE,140900.,449570.,,,,,,,,D,1899,1986,MARK NOT FOUND,NGS,,P = PIPE CAP,17 = SET INTO TOP OF METAL PIPE DRIVEN INTO GROUND,2747 SIDNEY
,20260102,http://www.ngs.noaa.gov/cgi-bin/ds_mark.prl?PidBox=MM0094,MM0094,2779,,,,NE,LINCOLN,NORTH PLATTE EAST (2017),41 08 18.     (N),100 41 45.     (W),41.1383333333,-100.6958333333,,NAD 83,(1986),,SCALED,846.827,NAVD 88,,ADJUSTED,-22.239,GEOID18,846.334,980013.6,,,,,,,,1,2,,,,NE,145120.,441600.,,,,,,,,D,1899,1986,POOR,NGS,,P = PIPE CAP,17 = SET INTO TOP OF METAL PIPE DRIVEN INTO GROUND,2779 SIDNEY
,20260102,http://www.ngs.noaa.gov/cgi-bin/ds_mark.prl?PidBox=NN0838,NN0838,281 000.00,,,,NE,BOYD,SPENCER NORTH (2017),42 59 52.77533(N),098 43 31.97150(W),42.9979931472,-98.7255476389,530.799,NAD 83,(2011),2010.00,ADJUSTED,556.804,NAVD 88,,ADJUSTED,-25.996,GEOID18,556.603,980241.1,0.53,1.53,0.25,0.17,0.78,-0.03141363,,1,2,-708824.588,-4618415.732,4327700.694,NE,352164.228,603919.602,+0 50 40.5,0.99991585,14,4760628.478,522370.894,+0 11 13.8,0.99960616,B,1993,20211110,GOOD,NEGS,Y,Z = SEE DESCRIPTION,57 = GALVANIZED STEEL PIPE IN SLEEVE (10 FT.+),281-0.0 1993
,20260102,http://www.ngs.noaa.gov/cgi-bin/ds_mark.prl?PidBox=MM0144,MM0144,2822,,,,NE,LINCOLN,LAKE MALONEY (2017),41 05 24.23   (N),100 46 04.85   (W),41.0900638889,-100.7680138889,,NAD 83,(1986),,HD_HELD1,860.021,NAVD 88,,ADJUSTED,-22.273,GEOID18,859.509,979999.9,,,,,,,,1,2,,,,NE,139816.4,435492.2,,,,,,,,D,1899,1958,GOOD,CGS,,P = PIPE CAP,17 = SET INTO TOP OF METAL PIPE DRIVEN INTO GROUND,2820.427 SIDNEY
,20260102,http://www.ngs.noaa.gov/cgi-bin/ds_mark.prl?PidBox=LJ0017,LJ0017,2826,,,,NE,FRONTIER,MOOREFIELD (2017),40 41 29.     (N),100 23 51.     (W),40.6913888889,-100.3975000000,,NAD 83,(1986),,SCALED,861.073,NAVD 88,,ADJUSTED,-23.241,GEOID18,860.539,979976.0,,,,,,,,2,0,,,,NE,95350.,466410.,,,,,,,,D,1899,1941,GOOD,CGS,,DB = BENCH MARK DISK,17 = SET INTO TOP OF METAL PIPE DRIVEN INTO GROUND,2826 SIDNEY
,20260102,http://www.ngs.noaa.gov/cgi-bin/ds_mark.prl?PidBox=MN0151,MN0151,29.02,,,,NE,MORRILL,ANGORA SE (2017),41 45 40.     (N),103 07 23.     (W),41.7611111111,-103.1230555556,,NAD 83,(1986),,SCALED,1197.366,NAVD 88,,POSTED,-19.371,GEOID18,1196.60,979944.7,,,,,,,,,,,,,NE,218720.,240430.,,,,,,,,C,UNK,1985,GOOD,NGS,,R = RIVET,32 = SET IN A RETAINING WALL OR CONCRETE LEDGE,
,20260102,http://www.ngs.noaa.gov/cgi-bin/ds_mark.prl?PidBox=MM0200,MM0200,2901,,,,NE,LINCOLN,SUTHERLAND RESERVOIR NW (2017),41 09 23.     (N),101 07 36.     (W),41.1563888889,-101.1266666667,,NAD 83,(1986),,SCALED,901.906,NAVD 88,,ADJUSTED,-21.841,GEOID18,901.360,979988.2,,,,,,,,1,2,,,,NE,147510.,405470.,,,,,,,,D,UNK,1986,MARK NOT FOUND,NGS,,P = PIPE CAP,17 = SET INTO TOP OF METAL PIPE DRIVEN INTO GROUND,2901 SIDNEY
,20260102,http://www.ngs.noaa.gov/cgi-bin/ds_mark.prl?PidBox=MM0111,MM0111,2903.7,,,,NE,LINCOLN,HERSHEY WEST (2017),41 09 33.     (N),101 00 13.     (W),41.1591666667,-101.0036111111,,NAD 83,(1986),,SCALED,885.416,NAVD 88,,ADJUSTED,-21.955,GEOID18,884.890,979999.3,,,,,,,,1,2,,,,NE,147690.,415790.,,,,,,,,C,UNK,1986,MARK NOT FOUND,NGS,,DB = BENCH MARK DISK,7 = SET IN TOP OF CONCRETE MONUMENT,
,20260102,http://www.ngs.noaa.gov/cgi-bin/ds_mark.prl?PidBox=MM0138,MM0138,2946,,,,NE,LOGAN,STAPLETON (2017),41 28 49.     (N),100 31 12.     (W),41.4802777778,-100.5200000000,,NAD 83,(1986),,SCALED,894.633,NAVD 88,,ADJUSTED,-21.865,GEOID18,894.137,980039.3,,,,,,,,2,0,,,,NE,182980.,456580.,,,,,,,,D,UNK,20040810,GOOD,USPSQD,,P = PIPE CAP,17 = SET INTO TOP OF METAL PIPE DRIVEN INTO GROUND,SIDNEY 2946
,20260102,http://www.ngs.noaa.gov/cgi-bin/ds_mark.prl?PidBox=MM0136,MM0136,2947,,,,NE,LOGAN,STAPLETON (2017),41 28 50.     (N),100 33 38.     (W),41.4805555556,-100.5605555556,,NAD 83,(1986),,SCALED,894.810,NAVD 88,,ADJUSTED,-21.859,GEOID18,894.311,980035.2,,,,,,,,2,0,,,,NE,183040.,453200.,,,,,,,,D,UNK,1934,GOOD,CGS,,P = PIPE CAP,17 = SET INTO TOP OF METAL PIPE DRIVEN INTO GROUND,SIDNEY 2947
,20260102,http://www.ngs.noaa.gov/cgi-bin/ds_mark.prl?PidBox=AB4098,AB4098,3 DOS,,,,NE,CUMING,DODGE (2017),41 44 34.80623(N),096 58 12.30105(W),41.7430017306,-96.9700836250,474.995,NAD 83,(2011),2010.00,ADJUSTED,500.3,NAVD 88,,GPS OBS,-25.255,GEOID18,,,0.41,1.02,0.19,0.13,0.52,0.02447567,,,,-578408.523,-4731180.662,4224664.248,NE,216436.521,751902.960,+2 00 28.5,0.99959266,14,4623233.823,668791.662,+1 21 06.5,0.99995060,C,1965,20210902,GOOD,NEGS,Y,DB = BENCH MARK DISK,7 = SET IN TOP OF CONCRETE MONUMENT,ET 3 DOS 1965
,20260102,http://www.ngs.noaa.gov/cgi-bin/ds_mark.prl?PidBox=NO0132,NO0132,3 HT,,,,NE,CHERRY,CROOKSTON EAST (2017),42 53 00.91   (N),100 38 35.43   (W),42.8835861111,-100.6431750000,,NAD 83,(1986),,HD_HELD1,806.737,NAVD 88,,ADJUSTED,-21.671,GEOID18,806.415,980194.7,,,,,,,,1,2,,,,NE,338884.4,447459.2,,,,,,,,C,1947,1957,GOOD,CGS,,DD = SURVEY DISK,7 = SET IN TOP OF CONCRETE MONUMENT,3 HT 1947
,20260102,http://www.ngs.noaa.gov/cgi-bin/ds_mark.prl?PidBox=NP0123,NP0123,3.83,,,,NE,BOX BUTTE,ALLIANCE WEST (2017),42 03 08.     (N),102 54 34.     (W),42.0522222222,-102.9094444444,,NAD 83,(1986),,SCALED,1207.731,NAVD 88,,ADJUSTED,-18.782,GEOID18,1207.013,979985.8,,,,,,,,1,2,,,,NE,250410.,259260.,,,,,,,,B,UNK,1985,MARK NOT FOUND,NGS,,R = RIVET,36 = SET IN A MASSIVE STRUCTURE,
,20260102,http://www.ngs.noaa.gov/cgi-bin/ds_mark.prl?PidBox=LF1424,LF1424,300,,,,NE,CASS,MCPAUL (2018),40 52 18.66850(N),095 50 41.67228(W),40.8718523611,-95.8449089667,,NAD 83,(1995),,ADJUSTED,338.,NAVD 88,,SCALED,-28.138,GEOID18,,,,,,,,,3,,,,,,NE,123716.624,850032.490,+2 45 12.8,0.99967077,15,4528428.065,260261.668,-1 51 45.0,1.00030746,D,UNK,20041229,GOOD,GEOCAC,Y,P = PIPE CAP,17 = SET INTO TOP OF METAL PIPE DRIVEN INTO GROUND,300
,20260102,http://www.ngs.noaa.gov/cgi-bin/ds_mark.prl?PidBox=MM0208,MM0208,3060,,,,NE,KEITH,PAXTON SOUTH (2017),41 07 22.     (N),101 21 18.     (W),41.1227777778,-101.3550000000,,NAD 83,(1986),,SCALED,932.359,NAVD 88,,ADJUSTED,-21.633,GEOID18,931.782,979973.1,,,,,,,,1,2,,,,NE,144050.,386250.,,,,,,,,D,UNK,1986,POOR,NGS,,P = PIPE CAP,17 = SET INTO TOP OF METAL PIPE DRIVEN INTO GROUND,3060 SIDNEY
,20260102,http://www.ngs.noaa.gov/cgi-bin/ds_mark.prl?PidBox=NO0215,NO0215,3106.8,,,,NE,CHERRY,CODY WEST (2017),42 56 28.     (N),101 17 15.     (W),42.9411111111,-101.2875000000,,NAD 83,(1986),,SCALED,947.341,NAVD 88,,ADJUSTED,-20.283,GEOID18,946.935,980159.5,,,,,,,,1,2,,,,NE,345860.,394920.,,,,,,,,C,UNK,1957,GOOD,CGS,,X = CHISELED CROSS,32 = SET IN A RETAINING WALL OR CONCRETE LEDGE,
,20260102,http://www.ngs.noaa.gov/cgi-bin/ds_mark.prl?PidBox=NO0203,NO0203,3139,,,,NE,CHERRY,CODY EAST (2017),42 55 55.     (N),101 08 50.     (W),42.9319444444,-101.1472222222,,NAD 83,(1986),,SCALED,957.278,NAVD 88,,ADJUSTED,-20.587,GEOID18,956.873,980163.8,,,,,,,,1,2,,,,NE,344680.,406360.,,,,,,,,C,UNK,1957,GOOD,CGS,,X = CHISELED CROSS,32 = SET IN A RETAINING WALL OR CONCRETE LEDGE,
,20260102,http://www.ngs.noaa.gov/cgi-bin/ds_mark.prl?PidBox=MM0116,MM0116,3183,,,,NE,MCPHERSON,PULLEN RANCH (2017),41 24 10.     (N),100 52 51.     (W),41.4027777778,-100.8808333333,,NAD 83,(1986),,SCALED,966.751,NAVD 88,,ADJUSTED,-21.942,GEOID18,966.162,979981.5,,,,,,,,1,2,,,,NE,174620.,426370.,,,,,,,,D,UNK,19910819,MARK NOT FOUND,NGS,,P = PIPE CAP,17 = SET INTO TOP OF METAL PIPE DRIVEN INTO GROUND,3170.515 SIDNEY
,20260102,http://www.ngs.noaa.gov/cgi-bin/ds_mark.prl?PidBox=MM0540,MM0540,3183 RESET,,,,NE,MCPHERSON,PULLEN RANCH (2017),41 24 09.     (N),100 52 52.     (W),41.4025000000,-100.8811111111,,NAD 83,(1986),,SCALED,966.516,NAVD 88,,ADJUSTED,-21.942,GEOID18,965.927,979981.5,,,,,,,,1,2,,,,NE,174590.,426350.,,,,,,,,C,1984,20240220,GOOD,NEGS,Y,DV = VERTICAL CONTROL DISK,7 = SET IN TOP OF CONCRETE MONUMENT,3183 USGS RESET 1984
,20260102,http://www.ngs.noaa.gov/cgi-bin/ds_mark.prl?PidBox=LG0982,LG0982,32 RGW,,,,NE,CASS,MURDOCK (2017),40 54 49.74014(N),096 15 19.00488(W),40.9138167056,-96.2552791333,,NAD 83,(1995),,ADJUSTED,375.8,NAVD 88,,VERTCON3,-26.232,GEOID18,,,,,,,,,2,,,,,,NE,126791.723,815283.236,+2 28 53.8,0.99965680,14,4532817.458,731148.377,+1 47 54.2,1.00025766,C,1964,1964,MONUMENTED,USGS,,DD = SURVEY DISK,7 = SET IN TOP OF CONCRETE MONUMENT,1233 32 RGW 1964
,20260102,http://www.ngs.noaa.gov/cgi-bin/ds_mark.prl?PidBox=MN0147,MN0147,32.64,,,,NE,MORRILL,BRIDGEPORT (2017),41 42 50.     (N),103 06 29.     (W),41.7138888889,-103.1080555556,,NAD 83,(1986),,SCALED,1143.721,NAVD 88,,ADJUSTED,-19.433,GEOID18,1143.004,979956.4,,,,,,,,1,2,,,,NE,213440.,241490.,,,,,,,,C,UNK,1985,GOOD,NGS,,R = RIVET,32 = SET IN A RETAINING WALL OR CONCRETE LEDGE,
,20260102,http://www.ngs.noaa.gov/cgi-bin/ds_mark.prl?PidBox=MK1968,MK1968,322,,,,NE,WASHINGTON,MODALE (2018),41 36 51.70832(N),096 07 27.52909(W),41.6143634222,-96.1243136361,,NAD 83,(1995),,ADJUSTED,310.,NAVD 88,,SCALED,-28.064,GEOID18,,,,,,,,,3,,,,,,NE,204976.160,822817.155,+2 34 06.3,0.99961615,14,4610955.876,739602.059,+1 54 38.5,1.00030654,D,UNK,UNK,MONUMENTED,MORC,,P = PIPE CAP,17 = SET INTO TOP OF METAL PIPE DRIVEN INTO GROUND,322
,20260102,http://www.ngs.noaa.gov/cgi-bin/ds_mark.prl?PidBox=MM0223,MM0223,3242,,,,NE,KEITH,BRULE SE (2017),41 06 52.     (N),101 45 55.     (W),41.1144444444,-101.7652777778,,NAD 83,(1986),,SCALED,988.013,NAVD 88,,ADJUSTED,-20.901,GEOID18,987.395,979964.9,,,,,,,,1,2,,,,NE,143750.,351790.,,,,,,,,D,1897,1986,MARK NOT FOUND,NGS,,P = PIPE CAP,17 = SET INTO TOP OF METAL PIPE DRIVEN INTO GROUND,3242 SIDNEY
,20260102,http://www.ngs.noaa.gov/cgi-bin/ds_mark.prl?PidBox=MM0228,MM0228,3291,,,,NE,KEITH,BRULE (2017),41 05 30.     (N),101 53 19.     (W),41.0916666667,-101.8886111111,,NAD 83,(1986),,SCALED,1002.838,NAVD 88,,ADJUSTED,-20.796,GEOID18,1002.212,979966.1,,,,,,,,1,2,,,,NE,141440.,341380.,,,,,,,,D,1897,1986,MARK NOT FOUND,NGS,,P = PIPE CAP,17 = SET INTO TOP OF METAL PIPE DRIVEN INTO GROUND,3291 SIDNEY
,20260102,http://www.ngs.noaa.gov/cgi-bin/ds_mark.prl?PidBox=MN0069,MN0069,3341,,,,NE,KEITH,BIG SPRINGS (2017),41 04 28.     (N),102 00 30.     (W),41.0744444444,-102.0083333333,,NAD 83,(1986),,SCALED,1018.084,NAVD 88,,ADJUSTED,-20.698,GEOID18,1017.436,979952.5,,,,,,,,1,2,,,,NE,139760.,331290.,,,,,,,,D,1897,1986,MARK NOT FOUND,NGS,,P = PIPE CAP,17 = SET INTO TOP OF METAL PIPE DRIVEN INTO GROUND,3341 SIDNEY
,20260102,http://www.ngs.noaa.gov/cgi-bin/ds_mark.prl?PidBox=NO0324,NO0324,3361.18,,,,NE,CHERRY,TRUMBULL LAKE (2017),42 53 54.     (N),101 49 17.     (W),42.8983333333,-101.8213888889,,NAD 83,(1986),,SCALED,1024.985,NAVD 88,,ADJUSTED,-19.172,GEOID18,1024.522,980133.7,,,,,,,,1,2,,,,NE,341890.,351260.,,,,,,,,D,UNK,1957,GOOD,CGS,,Z = SEE DESCRIPTION,0 = UNSPECIFIED SETTING,
,20260102,http://www.ngs.noaa.gov/cgi-bin/ds_mark.prl?PidBox=MN0072,MN0072,3370,,,,NE,DEUEL,BIG SPRINGS (2017),41 03 43.     (N),102 04 28.     (W),41.0619444444,-102.0744444444,,NAD 83,(1986),,SCALED,1027.061,NAVD 88,,ADJUSTED,-20.639,GEOID18,1026.398,979944.1,,,,,,,,1,2,,,,NE,138500.,325700.,,,,,,,,D,1897,1986,MARK NOT FOUND,NGS,,P = PIPE CAP,17 = SET INTO TOP OF METAL PIPE DRIVEN INTO GROUND,3370 SIDNEY
,20260102,http://www.ngs.noaa.gov/cgi-bin/ds_mark.prl?PidBox=MJ0903,MJ0903,345 BOLT,,,,NE,DOUGLAS,OMAHA NORTH (2017),41 15 33.     (N),095 55 23.     (W),41.2591666667,-95.9230555556,,NAD 83,(1986),,SCALED,299.237,NAVD 88,,ADJUSTED,-27.561,GEOID18,299.112,980199.7,,,,,,,,1,2,,,,NE,166360.,841430.,,,,,,,,C,UNK,1947,GOOD,CGS,,B = BOLT,7 = SET IN TOP OF CONCRETE MONUMENT,
,20260102,http://www.ngs.noaa.gov/cgi-bin/ds_mark.prl?PidBox=ML0986,ML0986,35 HK,,,,NE,LOUP,ALMERIA (2017),41 49 45.     (N),099 36 36.     (W),41.8291666667,-99.6100000000,,NAD 83,(1986),,SCALED,757.621,NAVD 88,,ADJUSTED,-22.738,GEOID18,757.251,980109.1,,,,,,,,2,0,,,,NE,221660.,532390.,,,,,,,,C,1949,1950,GOOD,CGS,,DD = SURVEY DISK,7 = SET IN TOP OF CONCRETE MONUMENT,35 HK 1949
,20260102,http://www.ngs.noaa.gov/cgi-bin/ds_mark.prl?PidBox=MN0138,MN0138,3680.1 14,,,,NE,MORRILL,BRIDGEPORT (2017),41 41 09.     (N),103 07 01.     (W),41.6858333333,-103.1169444444,,NAD 83,(1986),,SCALED,1122.242,NAVD 88,,ADJUSTED,-19.474,GEOID18,1121.539,979957.8,,,,,,,,1,2,,,,NE,210350.,240640.,,,,,,,,B,UNK,1985,GOOD,NGS,,B = BOLT,38 = SET IN THE ABUTMENT OR PIER OF A LARGE BRIDGE,
,20260102,http://www.ngs.noaa.gov/cgi-bin/ds_mark.prl?PidBox=MN0139,MN0139,3683.1 1,,,,NE,MORRILL,BRIDGEPORT (2017),41 41 11.     (N),103 07 01.     (W),41.6863888889,-103.1169444444,,NAD 83,(1986),,SCALED,1123.172,NAVD 88,,ADJUSTED,-19.474,GEOID18,1122.468,979957.8,,,,,,,,1,2,,,,NE,210410.,240640.,,,,,,,,B,UNK,1985,GOOD,NGS,,B = BOLT,38 = SET IN THE ABUTMENT OR PIER OF A LARGE BRIDGE,
,20260102,http://www.ngs.noaa.gov/cgi-bin/ds_mark.prl?PidBox=MN0137,MN0137,3683.1 21,,,,NE,MORRILL,BRIDGEPORT (2017),41 41 09.     (N),103 07 02.     (W),41.6858333333,-103.1172222222,,NAD 83,(1986),,SCALED,1123.159,NAVD 88,,ADJUSTED,-19.474,GEOID18,1122.455,979957.8,,,,,,,,1,2,,,,NE,210350.,240610.,,,,,,,,B,UNK,1985,GOOD,NGS,,B = BOLT,38 = SET IN THE ABUTMENT OR PIER OF A LARGE BRIDGE,
,20260102,http://www.ngs.noaa.gov/cgi-bin/ds_mark.prl?PidBox=MN0068,MN0068,3696,,,,NE,DEUEL,CHAPPELL (2017),41 05 29.     (N),102 28 22.     (W),41.0913888889,-102.4727777778,,NAD 83,(1986),,SCALED,1126.555,NAVD 88,,ADJUSTED,-20.094,GEOID18,1125.816,979928.7,,,,,,,,2,0,,,,NE,142650.,292330.,,,,,,,,D,1897,1941,MARK NOT FOUND,CGS,,P = PIPE CAP,17 = SET INTO TOP OF METAL PIPE DRIVEN INTO GROUND,3696 SIDNEY
,20260102,http://www.ngs.noaa.gov/cgi-bin/ds_mark.prl?PidBox=NP0152,NP0152,374.13,,,,NE,BOX BUTTE,BEREA CREEK WEST (2017),42 11 43.     (N),102 57 46.     (W),42.1952777778,-102.9627777778,,NAD 83,(1986),,SCALED,1252.514,NAVD 88,,ADJUSTED,-18.491,GEOID18,1251.783,979994.8,,,,,,,,1,2,,,,NE,266430.,255400.,,,,,,,,C,UNK,1985,GOOD,NGS,,R = RIVET,32 = SET IN A RETAINING WALL OR CONCRETE LEDGE,
,20260102,http://www.ngs.noaa.gov/cgi-bin/ds_mark.prl?PidBox=MK1962,MK1962,378,,,,NE,BURT,TEKAMAH (2017),41 46 18.51753(N),096 13 33.73642(W),41.7718104250,-96.2260378944,,NAD 83,(1995),,ADJUSTED,367.,NAVD 88,,SCALED,-27.170,GEOID18,,,,,,,,,2,,,,,,NE,222066.019,813586.873,+2 30 03.6,0.99961604,14,4628160.723,730562.164,+1 50 55.4,1.00025420,D,UNK,20101013,MARK NOT FOUND,GEOCAC,,P = PIPE CAP,17 = SET INTO TOP OF METAL PIPE DRIVEN INTO GROUND,
,20260102,http://www.ngs.noaa.gov/cgi-bin/ds_mark.prl?PidBox=LH0020,LH0020,379,,,,NE,ADAMS,HASTINGS WEST (2017),40 36 15.27   (N),098 25 27.34   (W),40.6042416667,-98.4242611111,,NAD 83,(1986),,HD_HELD1,592.164,NAVD 88,,ADJUSTED,-25.252,GEOID18,591.832,980045.2,,,,,,,,1,2,,,,NE,86808.6,633328.3,,,,,,,,D,1934,1964,MARK NOT FOUND,CGS,,DD = SURVEY DISK,9 = POST (STONE OR PRECAST CONCRETE),379
,20260102,http://www.ngs.noaa.gov/cgi-bin/ds_mark.prl?PidBox=MN0033,MN0033,3793 RESET,,,,NE,DEUEL,CHAPPELL SE (2017),41 06 20.     (N),102 20 34.     (W),41.1055555556,-102.3427777778,,NAD 83,(1986),,SCALED,1156.08,NAVD 88,,RESET,-20.247,GEOID18,,,,,,,,,,3,,,,,NE,143920.,303290.,,,,,,,,C,1964,1964,MONUMENTED,CGS,,DB = BENCH MARK DISK,7 = SET IN TOP OF CONCRETE MONUMENT,3793 USGS RESET 1964
,20260102,http://www.ngs.noaa.gov/cgi-bin/ds_mark.prl?PidBox=MK1961,MK1961,380,,,,NE,BURT,TEKAMAH (2017),41 50 34.71481(N),096 08 01.43393(W),41.8429763361,-96.1337316472,,NAD 83,(1995),,ADJUSTED,315.,NAVD 88,,SCALED,-27.396,GEOID18,,,,,,,,,3,,,,,,NE,230298.785,820898.515,+2 33 43.8,0.99963074,14,4636314.832,737971.305,+1 54 46.7,1.00029691,D,UNK,1948,GOOD,CGS,,P = PIPE CAP,17 = SET INTO TOP OF METAL PIPE DRIVEN INTO GROUND,380
,20260102,http://www.ngs.noaa.gov/cgi-bin/ds_mark.prl?PidBox=MN0037,MN0037,3804,,,,NE,DEUEL,CHAPPELL NE (2017),41 08 56.     (N),102 20 30.     (W),41.1488888889,-102.3416666667,,NAD 83,(1986),,SCALED,1159.568,NAVD 88,,ADJUSTED,-20.243,GEOID18,1158.804,979924.9,,,,,,,,2,0,,,,NE,148720.,303520.,,,,,,,,D,1897,1971,MARK NOT FOUND,USGS,,P = PIPE CAP,17 = SET INTO TOP OF METAL PIPE DRIVEN INTO GROUND,SIDNEY 3804
,20260102,http://www.ngs.noaa.gov/cgi-bin/ds_mark.prl?PidBox=LH0026,LH0026,381,,,,NE,ADAMS,HASTINGS WEST (2017),40 36 28.16   (N),098 23 09.37   (W),40.6078222222,-98.3859361111,,NAD 83,(1986),,HD_HELD1,585.044,NAVD 88,,ADJUSTED,-25.285,GEOID18,584.718,980049.2,,,,,,,,1,2,,,,NE,87265.8,636563.4,,,,,,,,D,1934,20010810,MARK NOT FOUND,NEDR,,DD = SURVEY DISK,9 = POST (STONE OR PRECAST CONCRETE),381
,20260102,http://www.ngs.noaa.gov/cgi-bin/ds_mark.prl?PidBox=LH0005,LH0005,386,,,,NE,ADAMS,HASTINGS WEST (2017),40 34 04.56   (N),098 24 41.93   (W),40.5679333333,-98.4116472222,,NAD 83,(1986),,HD_HELD1,588.673,NAVD 88,,ADJUSTED,-25.309,GEOID18,588.342,980044.0,,,,,,,,1,2,,,,NE,82797.7,634469.6,,,,,,,,D,1934,1947,GOOD,CGS,,DD = SURVEY DISK,9 = POST (STONE OR PRECAST CONCRETE),386
,20260102,http://www.ngs.noaa.gov/cgi-bin/ds_mark.prl?PidBox=NP0347,NP0347,387.57,,,,NE,BOX BUTTE,HEMINGFORD (2017),42 20 43.     (N),103 07 20.     (W),42.3452777778,-103.1222222222,,NAD 83,(1986),,SCALED,1312.917,NAVD 88,,ADJUSTED,-18.223,GEOID18,1312.142,979985.5,,,,,,,,1,2,,,,NE,283540.,242840.,,,,,,,,B,UNK,1985,MARK NOT FOUND,NGS,,R = RIVET,36 = SET IN A MASSIVE STRUCTURE,
,20260102,http://www.ngs.noaa.gov/cgi-bin/ds_mark.prl?PidBox=NM1715,NM1715,388 B,,,,NE,BURT,MACY (2017),42 02 23.56264(N),096 16 50.10970(W),42.0398785111,-96.2805860278,,NAD 83,(1995),,ADJUSTED,379.,NAVD 88,,SCALED,-26.477,GEOID18,,,,,,,,,2,,,,,,NE,251607.361,807777.067,+2 27 53.4,0.99964668,14,4657782.278,725083.588,+1 49 18.5,1.00022344,D,1948,20160713,GOOD,INDIV,N,Z = SEE DESCRIPTION,9 = POST (STONE OR PRECAST CONCRETE),
,20260102,http://www.ngs.noaa.gov/cgi-bin/ds_mark.prl?PidBox=LH0363,LH0363,391,,,,NE,KEARNEY,MINDEN SOUTH (2017),40 27 07.36   (N),098 57 44.48   (W),40.4520444444,-98.9623555556,,NAD 83,(1986),,HD_HELD1,667.229,NAVD 88,,ADJUSTED,-25.203,GEOID18,666.826,979998.4,,,,,,,,2,0,,,,NE,69224.3,588004.0,,,,,,,,D,1934,1934,MONUMENTED,NEGS,,DD = SURVEY DISK,9 = POST (STONE OR PRECAST CONCRETE),391
,20260102,http://www.ngs.noaa.gov/cgi-bin/ds_mark.prl?PidBox=NM1714,NM1714,392,,,,NE,THURSTON,ALBATON (2018),42 09 49.86324(N),096 21 02.60939(W),42.1638509000,-96.3507248306,,NAD 83,(1995),,ADJUSTED,401.,NAVD 88,,SCALED,-26.213,GEOID18,,,,,,,,,2,,,,,,NE,265114.082,801395.763,+2 25 06.1,0.99966571,14,4671366.263,718850.750,+1 46 44.5,1.00018937,D,UNK,UNK,MONUMENTED,MORC,,P = PIPE CAP,17 = SET INTO TOP OF METAL PIPE DRIVEN INTO GROUND,392
,20260102,http://www.ngs.noaa.gov/cgi-bin/ds_mark.prl?PidBox=NP0366,NP0366,399.43,,,,NE,BOX BUTTE,MARSLAND (2017),42 25 47.     (N),103 18 15.     (W),42.4297222222,-103.3041666667,,NAD 83,(1986),,SCALED,1259.166,NAVD 88,,ADJUSTED,-18.080,GEOID18,1258.420,979985.6,,,,,,,,1,2,,,,NE,293470.,228220.,,,,,,,,C,UNK,1985,GOOD,NGS,,R = RIVET,32 = SET IN A RETAINING WALL OR CONCRETE LEDGE,
,20260102,http://www.ngs.noaa.gov/cgi-bin/ds_mark.prl?PidBox=NO0130,NO0130,4 HT,,,,NE,CHERRY,VALENTINE SOUTH (2017),42 52 19.     (N),100 36 32.     (W),42.8719444444,-100.6088888889,,NAD 83,(1986),,SCALED,801.626,NAVD 88,,ADJUSTED,-21.729,GEOID18,801.308,980197.6,,,,,,,,1,2,,,,NE,337570.,450250.,,,,,,,,C,1947,19910802,MARK NOT FOUND,NGS,,DD = SURVEY DISK,7 = SET IN TOP OF CONCRETE MONUMENT,4 HT 1947
,20260102,http://www.ngs.noaa.gov/cgi-bin/ds_mark.prl?PidBox=NO0579,NO0579,4 HT RESET,,,,NE,CHERRY,VALENTINE SOUTH (2017),42 52 19.     (N),100 36 32.     (W),42.8719444444,-100.6088888889,,NAD 83,(1986),,SCALED,801.56,NAVD 88,,RESET,-21.729,GEOID18,,,,,,,,,,3,,,,,NE,337570.,450250.,,,,,,,,D,1984,1984,MONUMENTED,NGS,,DB = BENCH MARK DISK,17 = SET INTO TOP OF METAL PIPE DRIVEN INTO GROUND,4 HT 1947 RESET 1984
,20260102,http://www.ngs.noaa.gov/cgi-bin/ds_mark.prl?PidBox=NP0369,NP0369,400.99,,,,NE,DAWES,MARSLAND (2017),42 27 05.     (N),103 17 55.     (W),42.4513888889,-103.2986111111,,NAD 83,(1986),,SCALED,1269.623,NAVD 88,,ADJUSTED,-18.058,GEOID18,1268.870,979984.6,,,,,,,,1,2,,,,NE,295860.,228770.,,,,,,,,C,UNK,1985,GOOD,NGS,,R = RIVET,32 = SET IN A RETAINING WALL OR CONCRETE LEDGE,
,20260102,http://www.ngs.noaa.gov/cgi-bin/ds_mark.prl?PidBox=MN0106,MN0106,4025,,,,NE,CHEYENNE,SIDNEY (2017),41 09 00.     (N),102 53 47.     (W),41.1500000000,-102.8963888889,,NAD 83,(1986),,SCALED,1226.906,NAVD 88,,ADJUSTED,-19.858,GEOID18,1226.048,979882.3,,,,,,,,2,0,,,,NE,150260.,256990.,,,,,,,,D,1896,1943,MARK NOT FOUND,CGS,,P = PIPE CAP,17 = SET INTO TOP OF METAL PIPE DRIVEN INTO GROUND,4025
,20260102,http://www.ngs.noaa.gov/cgi-bin/ds_mark.prl?PidBox=NP0285,NP0285,407.09,,,,NE,DAWES,BELMONT (2017),42 31 16.     (N),103 19 42.     (W),42.5211111111,-103.3283333333,,NAD 83,(1986),,SCALED,1331.891,NAVD 88,,ADJUSTED,-17.883,GEOID18,1331.095,979977.0,,,,,,,,1,2,,,,NE,303690.,226620.,,,,,,,,C,UNK,1985,GOOD,NGS,,R = RIVET,32 = SET IN A RETAINING WALL OR CONCRETE LEDGE,
,20260102,http://www.ngs.noaa.gov/cgi-bin/ds_mark.prl?PidBox=NP0287,NP0287,408.08,,,,NE,DAWES,BELMONT (2017),42 31 43.     (N),103 20 43.     (W),42.5286111111,-103.3452777778,,NAD 83,(1986),,SCALED,1344.541,NAVD 88,,ADJUSTED,-17.838,GEOID18,1343.732,979973.0,,,,,,,,1,2,,,,NE,304580.,225270.,,,,,,,,C,UNK,1985,GOOD,NGS,,R = RIVET,32 = SET IN A RETAINING WALL OR CONCRETE LEDGE,
,20260102,http://www.ngs.noaa.gov/cgi-bin/ds_mark.prl?PidBox=MN0125,MN0125,4093,,,,NE,MORRILL,COWBOY HILL (2017),41 58 23.     (N),102 58 20.     (W),41.9730555556,-102.9722222222,,NAD 83,(1986),,SCALED,1247.462,NAVD 88,,ADJUSTED,-18.896,GEOID18,1246.700,979968.7,,,,,,,,1,2,,,,NE,241800.,253770.,,,,,,,,D,1956,1985,MARK NOT FOUND,NGS,,P = PIPE CAP,17 = SET INTO TOP OF METAL PIPE DRIVEN INTO GROUND,4093
,20260102,http://www.ngs.noaa.gov/cgi-bin/ds_mark.prl?PidBox=NP0293,NP0293,410.98,,,,NE,DAWES,BELMONT (2017),42 33 23.     (N),103 21 20.     (W),42.5563888889,-103.3555555556,,NAD 83,(1986),,SCALED,1366.602,NAVD 88,,POSTED,-17.777,GEOID18,1365.79,979979.5,,,,,,,,,,,,,NE,307690.,224540.,,,,,,,,D,UNK,1985,MARK NOT FOUND,NGS,,R = RIVET,30 = SET IN A LIGHT STRUCTURE,
,20260102,http://www.ngs.noaa.gov/cgi-bin/ds_mark.prl?PidBox=AJ4406,AJ4406,411 100,Y,,,NE,LANCASTER,WAVERLY (2017),40 53 46.04721(N),096 32 23.50583(W),40.8961242250,-96.5398627306,334.896,NAD 83,(2011),2010.00,ADJUSTED,360.82,NAVD 88,,GPS OBS,-25.925,GEOID18,,,0.55,0.74,0.25,0.19,0.38,0.05323597,,,,-549928.460,-4796985.247,4153929.490,NE,123830.709,791414.898,+2 17 34.9,0.99966231,14,4530139.700,707235.013,+1 36 40.3,1.00012862,C,1997,20200220,GOOD,NEGS,Y,DD = SURVEY DISK,7 = SET IN TOP OF CONCRETE MONUMENT,CP 411-100 NDOR 1997
,20260102,http://www.ngs.noaa.gov/cgi-bin/ds_mark.prl?PidBox=NP0303,NP0303,417.49,,,,NE,DAWES,CROW BUTTE (2017),42 37 37.     (N),103 20 52.     (W),42.6269444444,-103.3477777778,,NAD 83,(1986),,SCALED,1221.578,NAVD 88,,ADJUSTED,-17.749,GEOID18,1220.893,980018.0,,,,,,,,1,2,,,,NE,315500.,225480.,,,,,,,,C,UNK,1985,GOOD,NGS,,R = RIVET,32 = SET IN A RETAINING WALL OR CONCRETE LEDGE,
,20260102,http://www.ngs.noaa.gov/cgi-bin/ds_mark.prl?PidBox=NP0306,NP0306,419.71,,,,NE,DAWES,CROW BUTTE (2017),42 39 09.     (N),103 22 20.     (W),42.6525000000,-103.3722222222,,NAD 83,(1986),,SCALED,1168.272,NAVD 88,,ADJUSTED,-17.687,GEOID18,1167.633,980034.5,,,,,,,,1,2,,,,NE,318410.,223590.,,,,,,,,C,UNK,1985,GOOD,NGS,,R = RIVET,32 = SET IN A RETAINING WALL OR CONCRETE LEDGE,
,20260102,http://www.ngs.noaa.gov/cgi-bin/ds_mark.prl?PidBox=NP0309,NP0309,421.28,,,,NE,DAWES,CRAWFORD (2017),42 40 11.     (N),103 23 27.     (W),42.6697222222,-103.3908333333,,NAD 83,(1986),,SCALED,1142.316,NAVD 88,,ADJUSTED,-17.629,GEOID18,1141.699,980041.9,,,,,,,,1,2,,,,NE,320380.,222140.,,,,,,,,C,UNK,1985,GOOD,NGS,,R = RIVET,32 = SET IN A RETAINING WALL OR CONCRETE LEDGE,
,20260102,http://www.ngs.noaa.gov/cgi-bin/ds_mark.prl?PidBox=AE3081,AE3081,425 BB,,,,NE,DODGE,FREMONT WEST (2017),41 27 08.20939(N),096 31 21.44189(W),41.4522803861,-96.5226227472,339.191,NAD 83,(2011),2010.00,ADJUSTED,366.1,NAVD 88,,GPS OBS,-26.972,GEOID18,,,0.65,1.22,0.31,0.19,0.62,-0.14012155,,,,-543866.038,-4756751.786,4200425.957,NE,185584.399,790383.338,+2 18 16.0,0.99960585,14,4591928.965,706928.566,+1 38 26.1,1.00012698,C,1994,19970827,GOOD,NGS,Y,DD = SURVEY DISK,7 = SET IN TOP OF CONCRETE MONUMENT,NDOR 1994 BM 425-BB
,20260102,http://www.ngs.noaa.gov/cgi-bin/ds_mark.prl?PidBox=MN0081,MN0081,4284,,,,NE,CHEYENNE,SIDNEY MUNICIPAL AIRPORT (2017),41 06 19.     (N),102 58 24.     (W),41.1052777778,-102.9733333333,,NAD 83,(1986),,SCALED,1305.880,NAVD 88,,ADJUSTED,-19.764,GEOID18,1304.953,979868.8,,,,,,,,1,2,,,,NE,145510.,250370.,,,,,,,,D,1896,1941,MARK NOT FOUND,CGS,,P = PIPE CAP,17 = SET INTO TOP OF METAL PIPE DRIVEN INTO GROUND,4282.40
,20260102,http://www.ngs.noaa.gov/cgi-bin/ds_mark.prl?PidBox=ML0961,ML0961,43 HK,,,,NE,BLAINE,MILBURN (2017),41 44 46.     (N),099 43 37.     (W),41.7461111111,-99.7269444444,,NAD 83,(1986),,SCALED,791.609,NAVD 88,,ADJUSTED,-22.562,GEOID18,791.208,980090.3,,,,,,,,2,0,,,,NE,212400.,522710.,,,,,,,,C,1949,1950,GOOD,CGS,,DB = BENCH MARK DISK,7 = SET IN TOP OF CONCRETE MONUMENT,43 HK 1949
,20260102,http://www.ngs.noaa.gov/cgi-bin/ds_mark.prl?PidBox=AB4096,AB4096,454 1A,,,,NE,DOUGLAS,IRVINGTON (2017),41 20 36.19793(N),096 01 28.08103(W),41.3433883139,-96.0244669528,368.967,NAD 83,(2011),2010.00,ADJUSTED,396.8,NAVD 88,,GPS OBS,-27.880,GEOID18,,,0.45,1.10,0.21,0.14,0.56,0.01830825,,,,-503330.361,-4769276.428,4191373.202,NE,175300.451,832510.772,+2 38 04.5,0.99960475,14,4581149.910,748958.055,+1 57 59.6,1.00036285,C,1984,20131204,GOOD,COMPDA,Y,DS = TRIANGULATION STATION DISK,7 = SET IN TOP OF CONCRETE MONUMENT,CP 454-1A 1984
,20260102,http://www.ngs.noaa.gov/cgi-bin/ds_mark.prl?PidBox=NO0528,NO0528,5 F,,,,NE,CHERRY,ELL LAKE (2017),42 39 20.83   (N),100 32 09.62   (W),42.6557861111,-100.5360055556,,NAD 83,(1986),,HD_HELD1,871.881,NAVD 88,,ADJUSTED,-21.601,GEOID18,871.496,980149.8,,,,,,,,1,2,,,,NE,313521.7,456056.8,,,,,,,,D,1947,20200622,GOOD,NEGS,Y,DB = BENCH MARK DISK,9 = POST (STONE OR PRECAST CONCRETE),5 F 1947
,20260102,http://www.ngs.noaa.gov/cgi-bin/ds_mark.prl?PidBox=NO0128,NO0128,5 HT,,,,NE,CHERRY,VALENTINE SOUTH (2017),42 52 00.     (N),100 34 29.     (W),42.8666666667,-100.5747222222,,NAD 83,(1986),,SCALED,794.200,NAVD 88,,ADJUSTED,-21.802,GEOID18,793.884,980195.8,,,,,,,,1,2,,,,NE,336970.,453040.,,,,,,,,C,1947,19910802,MARK NOT FOUND,NGS,,DB = BENCH MARK DISK,7 = SET IN TOP OF CONCRETE MONUMENT,5 HT 1947
,20260102,http://www.ngs.noaa.gov/cgi-bin/ds_mark.prl?PidBox=NO0580,NO0580,5 HT RESET,,,,NE,CHERRY,VALENTINE SOUTH (2017),42 52 00.     (N),100 34 29.     (W),42.8666666667,-100.5747222222,,NAD 83,(1986),,SCALED,794.07,NAVD 88,,RESET,-21.802,GEOID18,,,,,,,,,,3,,,,,NE,336970.,453040.,,,,,,,,D,1984,1984,MONUMENTED,NGS,,DB = BENCH MARK DISK,17 = SET INTO TOP OF METAL PIPE DRIVEN INTO GROUND,5 HT 1947 RESET 1984
,20260102,http://www.ngs.noaa.gov/cgi-bin/ds_mark.prl?PidBox=NM1816,NM1816,5 RDS,,,,NE,KNOX,CREIGHTON (2017),42 29 44.93317(N),097 59 44.30031(W),42.4958147694,-97.9956389750,,NAD 83,(1995),,ADJUSTED,512.0,NAVD 88,,VERTCON3,-25.356,GEOID18,,,,,,,,,3,,,,,,NE,297527.586,664721.098,+1 19 41.8,0.99973174,14,4705317.036,582530.341,+0 40 42.7,0.99968380,D,1950,1950,MONUMENTED,USGS,,DD = SURVEY DISK,9 = POST (STONE OR PRECAST CONCRETE),5 RDS 1950
,20260102,http://www.ngs.noaa.gov/cgi-bin/ds_mark.prl?PidBox=NP0134,NP0134,56.00,,,,NE,BOX BUTTE,ALLIANCE EAST (2017),42 05 57.     (N),102 52 14.     (W),42.0991666667,-102.8705555556,,NAD 83,(1986),,SCALED,1209.159,NAVD 88,,ADJUSTED,-18.679,GEOID18,1208.455,979997.5,,,,,,,,1,2,,,,NE,255510.,262650.,,,,,,,,C,UNK,1985,GOOD,NGS,,Q = CHISELED SQUARE,32 = SET IN A RETAINING WALL OR CONCRETE LEDGE,
,20260102,http://www.ngs.noaa.gov/cgi-bin/ds_mark.prl?PidBox=NM1413,NM1413,58 J S,,,,NE,KNOX,BON HOMME COLONY (2017),42 47 35.96   (N),097 39 48.37   (W),42.7933222222,-97.6634361111,,NAD 83,(1986),,HD_HELD1,470.271,NAVD 88,,ADJUSTED,-25.699,GEOID18,470.122,980289.3,,,,,,,,2,0,,,,NE,331245.0,691122.9,,,,,,,,C,1946,1949,GOOD,CGS,,DD = SURVEY DISK,7 = SET IN TOP OF CONCRETE MONUMENT,58 JS 1946
,20260102,http://www.ngs.noaa.gov/cgi-bin/ds_mark.prl?PidBox=LF0514,LF0514,5853+10,,,,NE,RICHARDSON,VERDON (2017),40 09 07.     (N),095 43 01.     (W),40.1519444444,-95.7169444444,,NAD 83,(1986),,SCALED,285.388,NAVD 88,,ADJUSTED,-30.147,GEOID18,285.231,980066.5,,,,,,,,2,0,,,,NE,44410.,864760.,,,,,,,,D,UNK,20080916,POOR,INDIV,,B = BOLT,30 = SET IN A LIGHT STRUCTURE,
,20260102,http://www.ngs.noaa.gov/cgi-bin/ds_mark.prl?PidBox=NP0133,NP0133,5942,,,,NE,BOX BUTTE,ALLIANCE EAST (2017),42 05 41.     (N),102 52 13.     (W),42.0947222222,-102.8702777778,,NAD 83,(1986),,SCALED,1210.204,NAVD 88,,POSTED,-18.689,GEOID18,1209.50,979996.9,,,,,,,,,,,,,NE,255020.,262660.,,,,,,,,D,UNK,1956,MARK NOT FOUND,CGS,,Z = SEE DESCRIPTION,30 = SET IN A LIGHT STRUCTURE,
,20260102,http://www.ngs.noaa.gov/cgi-bin/ds_mark.prl?PidBox=MN0363,MN0363,6 FWK,,,,NE,MORRILL,BROADWATER SW (2017),41 31 06.     (N),102 59 05.     (W),41.5183333333,-102.9847222222,,NAD 83,(1986),,SCALED,1176.318,NAVD 88,,ADJUSTED,-19.721,GEOID18,1175.545,979925.8,,,,,,,,1,2,,,,NE,191380.,250990.,,,,,,,,C,1964,20070417,GOOD,NEDR,Y,DB = BENCH MARK DISK,7 = SET IN TOP OF CONCRETE MONUMENT,FWK 3858 6 1964
,20260102,http://www.ngs.noaa.gov/cgi-bin/ds_mark.prl?PidBox=ML0978,ML0978,6 HK,,,,NE,BLAINE,BREWSTER SE (2017),41 51 05.     (N),099 45 52.     (W),41.8513888889,-99.7644444444,,NAD 83,(1986),,SCALED,774.176,NAVD 88,,ADJUSTED,-22.510,GEOID18,773.797,980106.7,,,,,,,,2,0,,,,NE,224080.,519560.,,,,,,,,C,1949,1950,GOOD,CGS,,DB = BENCH MARK DISK,7 = SET IN TOP OF CONCRETE MONUMENT,6 HK 1949
,20260102,http://www.ngs.noaa.gov/cgi-bin/ds_mark.prl?PidBox=AB4120,AB4120,6 JLK RESET,,,,NE,HAYES,HAYES CENTER (2017),40 34 54.08599(N),101 01 35.43688(W),40.5816905528,-101.0265102444,935.003,NAD 83,(2011),2010.00,ADJUSTED,957.9,NAVD 88,,GPS OBS,-22.871,GEOID18,,,0.43,1.16,0.20,0.14,0.59,-0.00219083,,,,-927941.730,-4762081.634,4127861.830,NE,83605.691,413111.165,-0 40 49.0,0.99964093,14,4494296.016,328488.868,-1 19 07.1,0.99996209,C,1977,20200210,GOOD,NEGS,Y,DB = BENCH MARK DISK,7 = SET IN TOP OF CONCRETE MONUMENT,6 JLK 1973 RESET 1977
,20260102,http://www.ngs.noaa.gov/cgi-bin/ds_mark.prl?PidBox=DG9646,DG9646,6 RGW,Y,,,NE,LANCASTER,FIRTH (2017),40 33 21.27417(N),096 30 04.44217(W),40.5559094917,-96.5012339361,386.320,NAD 83,(2011),2010.00,ADJUSTED,413.15,NAVD 88,,GPS OBS,-26.852,GEOID18,,,0.50,0.69,0.22,0.19,0.35,0.00752849,,,,-549489.709,-4821886.007,4125330.051,NE,86221.556,796194.556,+2 19 07.0,0.99973423,14,4492461.290,711564.705,+1 37 31.0,1.00015098,D,1964,20200601,GOOD,NEGS,Y,DD = SURVEY DISK,9 = POST (STONE OR PRECAST CONCRETE),6 RGW 1964
,20260102,http://www.ngs.noaa.gov/cgi-bin/ds_mark.prl?PidBox=LJ0460,LJ0460,6 S RM,,,,NE,RED WILLOW,MCCOOK WEST (2017),40 14 07.37620(N),100 43 20.56111(W),40.2353822778,-100.7223780861,,NAD 83,(1995),,ADJUSTED,769.,NAVD 88,,SCALED,-23.824,GEOID18,,,,,,,,,2,,,,,,NE,44897.815,438532.426,-0 28 43.4,0.99978496,14,4455305.626,353480.682,-1 06 45.8,0.99986427,D,UNK,UNK,MONUMENTED,BLM,,DD = SURVEY DISK,17 = SET INTO TOP OF METAL PIPE DRIVEN INTO GROUND,S 16 RM 59.5
,20260102,http://www.ngs.noaa.gov/cgi-bin/ds_mark.prl?PidBox=LG0404,LG0404,6.04,,,,NE,LANCASTER,EMERALD (2017),40 48 49.     (N),096 48 32.     (W),40.8136111111,-96.8088888889,,NAD 83,(1986),,SCALED,363.595,NAVD 88,,ADJUSTED,-26.318,GEOID18,363.425,980146.7,,,,,,,,2,0,,,,NE,113810.,769110.,,,,,,,,B,UNK,19990517,POOR,NGS,N,DD = SURVEY DISK,38 = SET IN THE ABUTMENT OR PIER OF A LARGE BRIDGE,CB+Q
,20260102,http://www.ngs.noaa.gov/cgi-bin/ds_mark.prl?PidBox=AI1132,AI1132,6.04 RESET,,,,NE,LANCASTER,EMERALD (2017),40 48 39.6    (N),096 48 22.0    (W),40.8110000000,-96.8061111111,,NAD 83,(1986),,HD_HELD2,360.89,NAVD 88,,RESET,-26.306,GEOID18,,,,,,,,,,3,,,,,NE,113524.,769351.,,,,,,,,B,1999,20060205,GOOD,GEOCAC,Y,DV = VERTICAL CONTROL DISK,38 = SET IN THE ABUTMENT OR PIER OF A LARGE BRIDGE,6.04 RESET 1999
,20260102,http://www.ngs.noaa.gov/cgi-bin/ds_mark.prl?PidBox=MK1471,MK1471,61,,,,NE,POLK,SILVER CREEK SE (2017),41 16 22.92   (N),097 32 27.72   (W),41.2730333333,-97.5410333333,,NAD 83,(1986),,HD_HELD1,475.818,NAVD 88,,ADJUSTED,-25.488,GEOID18,475.595,980139.1,,,,,,,,2,0,,,,NE,162772.0,705933.1,,,,,,,,D,1934,1950,GOOD,CGS,,DD = SURVEY DISK,9 = POST (STONE OR PRECAST CONCRETE),61
,20260102,http://www.ngs.noaa.gov/cgi-bin/ds_mark.prl?PidBox=LF0509,LF0509,6117+10,,,,NE,RICHARDSON,DAWSON (2017),40 12 51.     (N),095 45 43.     (W),40.2141666667,-95.7619444444,,NAD 83,(1986),,SCALED,295.706,NAVD 88,,ADJUSTED,-29.932,GEOID18,295.544,980069.3,,,,,,,,2,0,,,,NE,51130.,860590.,,,,,,,,D,UNK,1947,GOOD,CGS,,B = BOLT,30 = SET IN A LIGHT STRUCTURE,
,20260102,http://www.ngs.noaa.gov/cgi-bin/ds_mark.prl?PidBox=MK1470,MK1470,62,,,,NE,POLK,SILVER CREEK SE (2017),41 16 02.23   (N),097 32 55.35   (W),41.2672861111,-97.5487083333,,NAD 83,(1986),,HD_HELD1,474.692,NAVD 88,,ADJUSTED,-25.498,GEOID18,474.468,980137.0,,,,,,,,2,0,,,,NE,162116.0,705308.6,,,,,,,,D,1934,1950,GOOD,CGS,,DD = SURVEY DISK,9 = POST (STONE OR PRECAST CONCRETE),62
,20260102,http://www.ngs.noaa.gov/cgi-bin/ds_mark.prl?PidBox=ML0677,ML0677,626,,,,NE,VALLEY,ARCADIA WEST (2017),41 28 45.     (N),099 11 31.     (W),41.4791666667,-99.1919444444,,NAD 83,(1986),,SCALED,672.342,NAVD 88,,ADJUSTED,-23.485,GEOID18,672.003,980097.3,,,,,,,,1,2,,,,NE,183040.,567470.,,,,,,,,D,1934,1950,GOOD,CGS,,DD = SURVEY DISK,9 = POST (STONE OR PRECAST CONCRETE),626
,20260102,http://www.ngs.noaa.gov/cgi-bin/ds_mark.prl?PidBox=ML0589,ML0589,632,,,,NE,CUSTER,COMSTOCK (2017),41 33 23.     (N),099 14 48.     (W),41.5563888889,-99.2466666667,,NAD 83,(1986),,SCALED,684.158,NAVD 88,,ADJUSTED,-23.367,GEOID18,683.817,980101.5,,,,,,,,1,2,,,,NE,191580.,562820.,,,,,,,,D,1934,1950,GOOD,CGS,,DD = SURVEY DISK,9 = POST (STONE OR PRECAST CONCRETE),632
,20260102,http://www.ngs.noaa.gov/cgi-bin/ds_mark.prl?PidBox=ML0586,ML0586,634,,,,NE,CUSTER,SARGENT SE (2017),41 34 55.     (N),099 15 46.     (W),41.5819444444,-99.2627777778,,NAD 83,(1986),,SCALED,687.829,NAVD 88,,ADJUSTED,-23.326,GEOID18,687.489,980106.5,,,,,,,,1,2,,,,NE,194400.,561460.,,,,,,,,D,1934,1950,GOOD,CGS,,DD = SURVEY DISK,9 = POST (STONE OR PRECAST CONCRETE),634
,20260102,http://www.ngs.noaa.gov/cgi-bin/ds_mark.prl?PidBox=ML0585,ML0585,635,,,,NE,CUSTER,SARGENT SE (2017),41 35 22.     (N),099 16 06.     (W),41.5894444444,-99.2683333333,,NAD 83,(1986),,SCALED,689.564,NAVD 88,,ADJUSTED,-23.312,GEOID18,689.225,980108.2,,,,,,,,1,2,,,,NE,195230.,560990.,,,,,,,,D,1934,1950,GOOD,CGS,,DD = SURVEY DISK,9 = POST (STONE OR PRECAST CONCRETE),635
,20260102,http://www.ngs.noaa.gov/cgi-bin/ds_mark.prl?PidBox=LF0504,LF0504,6381+10,,,,NE,NEMAHA,HOWE (2017),40 16 16.     (N),095 49 11.     (W),40.2711111111,-95.8197222222,,NAD 83,(1986),,SCALED,306.944,NAVD 88,,ADJUSTED,-29.676,GEOID18,306.779,980081.8,,,,,,,,2,0,,,,NE,57200.,855380.,,,,,,,,D,UNK,1934,GOOD,CGS,,R = RIVET,30 = SET IN A LIGHT STRUCTURE,
,20260102,http://www.ngs.noaa.gov/cgi-bin/ds_mark.prl?PidBox=MK1407,MK1407,65,,,,NE,PLATTE,MONROE (2017),41 28 10.     (N),097 31 08.     (W),41.4694444444,-97.5188888889,,NAD 83,(1986),,SCALED,454.727,NAVD 88,,ADJUSTED,-25.190,GEOID18,454.527,980167.8,,,,,,,,2,0,,,,NE,184620.,707160.,,,,,,,,D,1934,1950,GOOD,CGS,,DD = SURVEY DISK,9 = POST (STONE OR PRECAST CONCRETE),65
,20260102,http://www.ngs.noaa.gov/cgi-bin/ds_mark.prl?PidBox=MK1600,MK1600,66,,,,NE,PLATTE,MONROE (2017),41 28 26.41   (N),097 33 38.86   (W),41.4740027778,-97.5607944444,,NAD 83,(1986),,HD_HELD1,459.952,NAVD 88,,ADJUSTED,-25.162,GEOID18,459.747,980163.5,,,,,,,,2,0,,,,NE,185028.6,703649.2,,,,,,,,D,1934,20100512,GOOD,INDIV,N,DD = SURVEY DISK,9 = POST (STONE OR PRECAST CONCRETE),66
,20260102,http://www.ngs.noaa.gov/cgi-bin/ds_mark.prl?PidBox=ML0701,ML0701,661,,,,NE,CUSTER,ANSLEY (2017),41 19 35.43   (N),099 27 36.29   (W),41.3265083333,-99.4600805556,,NAD 83,(1986),,HD_HELD1,720.298,NAVD 88,,ADJUSTED,-23.102,GEOID18,719.920,980074.7,,,,,,,,2,0,,,,NE,165921.4,545185.8,,,,,,,,D,1934,1949,MARK NOT FOUND,CGS,,DD = SURVEY DISK,9 = POST (STONE OR PRECAST CONCRETE),661
,20260102,http://www.ngs.noaa.gov/cgi-bin/ds_mark.prl?PidBox=MK1598,MK1598,67,,,,NE,PLATTE,MONROE (2017),41 28 22.     (N),097 35 59.     (W),41.4727777778,-97.5997222222,,NAD 83,(1986),,SCALED,463.977,NAVD 88,,ADJUSTED,-25.144,GEOID18,463.767,980158.5,,,,,,,,2,0,,,,NE,184800.,700400.,,,,,,,,D,1934,1950,GOOD,CGS,,DD = SURVEY DISK,9 = POST (STONE OR PRECAST CONCRETE),67
,20260102,http://www.ngs.noaa.gov/cgi-bin/ds_mark.prl?PidBox=MK1588,MK1588,70,,,,NE,NANCE,GENOA (2017),41 26 52.     (N),097 43 47.     (W),41.4477777778,-97.7297222222,,NAD 83,(1986),,SCALED,481.100,NAVD 88,,ADJUSTED,-25.096,GEOID18,480.876,980143.8,,,,,,,,2,0,,,,NE,181730.,689630.,,,,,,,,D,1934,1950,GOOD,CGS,,DD = SURVEY DISK,9 = POST (STONE OR PRECAST CONCRETE),70
,20260102,http://www.ngs.noaa.gov/cgi-bin/ds_mark.prl?PidBox=LF0786,LF0786,7001+10,,,,NE,OTOE,PAUL (2017),40 36 40.     (N),095 53 56.     (W),40.6111111111,-95.8988888889,,NAD 83,(1986),,SCALED,339.425,NAVD 88,,ADJUSTED,-29.147,GEOID18,339.243,980080.5,,,,,,,,2,0,,,,NE,94580.,846860.,,,,,,,,D,UNK,1953,GOOD,CGS,,R = RIVET,30 = SET IN A LIGHT STRUCTURE,
,20260102,http://www.ngs.noaa.gov/cgi-bin/ds_mark.prl?PidBox=MN0082,MN0082,74.58,,,,NE,CHEYENNE,SIDNEY (2017),41 08 42.     (N),102 57 48.     (W),41.1450000000,-102.9633333333,,NAD 83,(1986),,SCALED,1250.892,NAVD 88,,ADJUSTED,-19.801,GEOID18,1250.016,979880.2,,,,,,,,1,2,,,,NE,149890.,251360.,,,,,,,,B,UNK,1985,MARK NOT FOUND,NGS,,R = RIVET,38 = SET IN THE ABUTMENT OR PIER OF A LARGE BRIDGE,
,20260102,http://www.ngs.noaa.gov/cgi-bin/ds_mark.prl?PidBox=LF0790,LF0790,7437/10 RESET,,,,NE,OTOE,PAUL (2017),40 32 29.     (N),095 52 38.     (W),40.5413888889,-95.8772222222,,NAD 83,(1986),,SCALED,314.044,NAVD 88,,ADJUSTED,-29.333,GEOID18,313.877,980085.8,,,,,,,,2,0,,,,NE,86940.,849060.,,,,,,,,D,UNK,1947,GOOD,CGS,,R = RIVET,30 = SET IN A LIGHT STRUCTURE,
,20260102,http://www.ngs.noaa.gov/cgi-bin/ds_mark.prl?PidBox=LF0783,LF0783,7965+10,,,,NE,OTOE,NEBRASKA CITY (2017),40 40 03.     (N),095 51 34.     (W),40.6675000000,-95.8594444444,,NAD 83,(1986),,SCALED,297.599,NAVD 88,,ADJUSTED,-29.202,GEOID18,297.442,980090.4,,,,,,,,2,0,,,,NE,101000.,849900.,,,,,,,,D,UNK,20040405,MARK NOT FOUND,NEDR,,R = RIVET,30 = SET IN A LIGHT STRUCTURE,
,20260102,http://www.ngs.noaa.gov/cgi-bin/ds_mark.prl?PidBox=AI2719,AI2719,8 34,,,,NE,JEFFERSON,REYNOLDS (2017),40 03 36.     (N),097 16 47.     (W),40.0600000000,-97.2797222222,,NAD 83,(1986),,SCALED,419.966,NAVD 88,,ADJUSTED,-26.997,GEOID18,419.722,980031.7,,,,,,,,2,1,,,,NE,28820.,732050.,,,,,,,,C,UNK,19991117,GOOD,NGS,N,DD = SURVEY DISK,34 = SET IN THE FOOTINGS OF SMALL/MEDIUM STRUCTURES,8 34
,20260102,http://www.ngs.noaa.gov/cgi-bin/ds_mark.prl?PidBox=LF1499,LF1499,8 D,,,,NE,RICHARDSON,FALLS CITY (2017),40 03 09.     (N),095 31 16.     (W),40.0525000000,-95.5211111111,,NAD 83,(1986),,SCALED,267.39,NAVD 88,,RESET,-30.601,GEOID18,,,,,,,,,,3,,,,,NE,34230.,882000.,,,,,,,,D,1986,1986,MONUMENTED,NEDR,N,I = METAL ROD,2 = IMBEDDED OR DRIVEN IN THE GROUND,
,20260102,http://www.ngs.noaa.gov/cgi-bin/ds_mark.prl?PidBox=DG9635,DG9635,8 RGW,Y,,,NE,LANCASTER,BENNET (2017),40 38 22.70733(N),096 30 06.18709(W),40.6396409250,-96.5017186361,375.700,NAD 83,(2011),2010.00,ADJUSTED,402.07,NAVD 88,,GPS OBS,-26.365,GEOID18,,,0.77,0.73,0.33,0.30,0.37,0.01798413,,,,-548844.412,-4815861.243,4132383.542,NE,95508.324,795777.512,+2 19 05.9,0.99971299,14,4501755.827,711259.733,+1 37 39.8,1.00014938,C,1964,20200310,GOOD,NEGS,Y,DD = SURVEY DISK,7 = SET IN TOP OF CONCRETE MONUMENT,1319 8 RGW 1964
,20260102,http://www.ngs.noaa.gov/cgi-bin/ds_mark.prl?PidBox=MK0215,MK0215,8.474 R 46,,,,NE,BURT,MONDAMIN (2018),41 44 30.     (N),096 06 50.     (W),41.7416666667,-96.1138888889,,NAD 83,(1986),,SCALED,313.732,NAVD 88,,ADJUSTED,-27.760,GEOID18,313.605,980208.8,,,,,,,,2,0,,,,NE,219140.,823050.,,,,,,,,D,UNK,1948,GOOD,CGS,,DD = SURVEY DISK,30 = SET IN A LIGHT STRUCTURE,8.47 4R 46
,20260102,http://www.ngs.noaa.gov/cgi-bin/ds_mark.prl?PidBox=LH1147,LH1147,80 1,,,,NE,HALL,DONIPHAN (2017),40 49 11.93101(N),098 22 06.82861(W),40.8199808361,-98.3685635028,,NAD 83,(1995),,ADJUSTED,573.,NAVD 88,,SCALED,-25.076,GEOID18,,,,,,,,,2,,,,,,NE,110843.300,637588.622,+1 04 52.1,0.99964375,14,4518965.348,553249.159,+0 24 46.0,0.99963490,D,1959,1959,MONUMENTED,CGS,,DE = TRAVERSE STATION DISK,17 = SET INTO TOP OF METAL PIPE DRIVEN INTO GROUND,80-1 1959
,20260102,http://www.ngs.noaa.gov/cgi-bin/ds_mark.prl?PidBox=LH1330,LH1330,80 10,,,,NE,BUFFALO,ELM CREEK WEST (2017),40 41 40.55086(N),099 22 46.67000(W),40.6945974611,-99.3796305556,,NAD 83,(1995),,ADJUSTED,686.6,NAVD 88,,VERTCON3,-24.359,GEOID18,,,,,,,,,2,,,,,,NE,95813.060,552421.936,+0 24 40.0,0.99965418,14,4504924.668,467925.538,-0 14 51.1,0.99961266,C,1959,20060118,MARK NOT FOUND,NEDR,,DS = TRIANGULATION STATION DISK,7 = SET IN TOP OF CONCRETE MONUMENT,80-10 1959
,20260102,http://www.ngs.noaa.gov/cgi-bin/ds_mark.prl?PidBox=LH1329,LH1329,80 10 A,,,,NE,DAWSON,ELM CREEK WEST (2017),40 41 53.42776(N),099 27 15.89115(W),40.6981743778,-99.4544142083,,NAD 83,(1995),,ADJUSTED,694.6,NAVD 88,,VERTCON3,-24.307,GEOID18,,,,,,,,,2,,,,,,NE,96167.555,546100.215,+0 21 41.6,0.99965205,14,4505351.707,461609.205,-0 17 46.7,0.99961814,C,1959,20100529,GOOD,INDIV,Y,DS = TRIANGULATION STATION DISK,7 = SET IN TOP OF CONCRETE MONUMENT,80 10 A 1959
,20260102,http://www.ngs.noaa.gov/cgi-bin/ds_mark.prl?PidBox=LH1331,LH1331,80 10 A AZ MK,,,,NE,DAWSON,ELM CREEK WEST (2017),40 41 36.71993(N),099 27 16.64178(W),40.6935333139,-99.4546227167,,NAD 83,(1995),,ADJUSTED,694.6,NAVD 88,,VERTCON3,-24.318,GEOID18,,,,,,,,,2,,,,,,NE,95652.198,546085.847,+0 21 41.1,0.99965318,14,4504836.620,461588.924,-0 17 47.1,0.99961816,C,1959,1959,MONUMENTED,CGS,,DZ = AZIMUTH MARK DISK,7 = SET IN TOP OF CONCRETE MONUMENT,80-10 A 1959
,20260102,http://www.ngs.noaa.gov/cgi-bin/ds_mark.prl?PidBox=LH1052,LH1052,80 11,,,,NE,DAWSON,OVERTON (2017),40 41 38.81152(N),099 32 26.30122(W),40.6941143111,-99.5406392278,,NAD 83,(1995),,ADJUSTED,702.66,NAVD 88,,VERTCON3,-24.252,GEOID18,,,,,,,,,2,,,,,,NE,95674.466,538816.952,+0 18 15.9,0.99965176,14,4504942.270,454321.755,-0 21 09.1,0.99962568,C,1959,1959,MONUMENTED,CGS,,DS = TRIANGULATION STATION DISK,7 = SET IN TOP OF CONCRETE MONUMENT,80-11 1959
,20260102,http://www.ngs.noaa.gov/cgi-bin/ds_mark.prl?PidBox=LH1053,LH1053,80 11 A,,,,NE,DAWSON,OVERTON (2017),40 42 05.24730(N),099 36 59.94323(W),40.7014575833,-99.6166508972,,NAD 83,(1995),,ADJUSTED,711.9,NAVD 88,,VERTCON3,-24.161,GEOID18,,,,,,,,,2,,,,,,NE,96458.413,532390.238,+0 15 14.6,0.99964851,14,4505799.699,447905.266,-0 24 07.7,0.99963340,C,1959,1959,MONUMENTED,CGS,,DS = TRIANGULATION STATION DISK,7 = SET IN TOP OF CONCRETE MONUMENT,80-11 A 1959
,20260102,http://www.ngs.noaa.gov/cgi-bin/ds_mark.prl?PidBox=LH1062,LH1062,80 11 B,,,,NE,DAWSON,BERTRAND NW (2017),40 42 52.42392(N),099 40 26.43648(W),40.7145622000,-99.6740101333,,NAD 83,(1995),,ADJUSTED,718.3,NAVD 88,,VERTCON3,-24.059,GEOID18,,,,,,,,,2,,,,,,NE,97893.410,527538.335,+0 12 57.7,0.99964434,14,4507289.970,443070.680,-0 26 22.8,0.99963989,C,1959,1964,GOOD,LOCENG,,DS = TRIANGULATION STATION DISK,7 = SET IN TOP OF CONCRETE MONUMENT,80-11 B 1959
,20260102,http://www.ngs.noaa.gov/cgi-bin/ds_mark.prl?PidBox=LH1063,LH1063,80 11 B AZ MK,,,,NE,DAWSON,BERTRAND NW (2017),40 42 31.68100(N),099 40 26.02668(W),40.7088002778,-99.6738963000,,NAD 83,(1995),,ADJUSTED,718.3,NAVD 88,,VERTCON3,-24.076,GEOID18,,,,,,,,,2,,,,,,NE,97253.756,527550.364,+0 12 58.0,0.99964571,14,4506650.293,443075.388,-0 26 22.3,0.99963988,C,1959,1959,MONUMENTED,CGS,,DZ = AZIMUTH MARK DISK,7 = SET IN TOP OF CONCRETE MONUMENT,80-11 B 1959
,20260102,http://www.ngs.noaa.gov/cgi-bin/ds_mark.prl?PidBox=LH1061,LH1061,80 12,,,,NE,DAWSON,BERTRAND NW (2017),40 44 24.95386(N),099 44 28.94750(W),40.7402649611,-99.7413743056,,NAD 83,(1995),,ADJUSTED,727.12,NAVD 88,,VERTCON3,-23.923,GEOID18,,,,,,,,,2,,,,,,NE,100727.701,521839.159,+0 10 17.0,0.99963689,14,4510188.965,437404.903,-0 29 01.9,0.99964823,C,1959,1968,MARK NOT FOUND,CGS,,DS = TRIANGULATION STATION DISK,7 = SET IN TOP OF CONCRETE MONUMENT,80-12 1959
,20260102,http://www.ngs.noaa.gov/cgi-bin/ds_mark.prl?PidBox=LH1075,LH1075,80 12 A,,,,NE,DAWSON,LEXINGTON WEST (2017),40 45 37.24270(N),099 48 22.29950(W),40.7603451944,-99.8061943056,,NAD 83,(1995),,ADJUSTED,734.6,NAVD 88,,VERTCON3,-23.819,GEOID18,,,,,,,,,2,,,,,,NE,102942.696,516360.570,+0 07 42.4,0.99963113,14,4512466.238,431952.498,-0 31 35.0,0.99965699,C,1959,1959,MONUMENTED,CGS,,DS = TRIANGULATION STATION DISK,7 = SET IN TOP OF CONCRETE MONUMENT,80-12 A 1959
,20260102,http://www.ngs.noaa.gov/cgi-bin/ds_mark.prl?PidBox=LH1073,LH1073,80 12 B,,,,NE,DAWSON,LEXINGTON WEST (2017),40 46 08.42239(N),099 49 34.69829(W),40.7690062194,-99.8263050806,,NAD 83,(1995),,ADJUSTED,739.1,NAVD 88,,VERTCON3,-23.782,GEOID18,,,,,,,,,2,,,,,,NE,103900.639,514660.942,+0 06 54.4,0.99962849,14,4513443.460,430264.068,-0 32 22.6,0.99965986,C,1959,1959,MONUMENTED,CGS,,DS = TRIANGULATION STATION DISK,7 = SET IN TOP OF CONCRETE MONUMENT,80-12 B 1959
,20260102,http://www.ngs.noaa.gov/cgi-bin/ds_mark.prl?PidBox=LH1076,LH1076,80 12 C,,,,NE,DAWSON,LEXINGTON WEST (2017),40 47 20.39846(N),099 51 47.37112(W),40.7889995722,-99.8631586444,,NAD 83,(1995),,ADJUSTED,742.2,NAVD 88,,VERTCON3,-23.699,GEOID18,,,,,,,,,2,,,,,,NE,106114.724,511546.759,+0 05 26.5,0.99962360,14,4515692.810,427175.620,-0 33 50.1,0.99966527,C,1959,1959,MONUMENTED,CGS,,DS = TRIANGULATION STATION DISK,7 = SET IN TOP OF CONCRETE MONUMENT,80-12 C 1959
,20260102,http://www.ngs.noaa.gov/cgi-bin/ds_mark.prl?PidBox=LH1078,LH1078,80 12 D,,,,NE,DAWSON,COZAD (2017),40 48 12.78462(N),099 53 15.30024(W),40.8035512833,-99.8875834000,,NAD 83,(1995),,ADJUSTED,745.0,NAVD 88,,VERTCON3,-23.638,GEOID18,,,,,,,,,2,,,,,,NE,107727.290,509483.684,+0 04 28.2,0.99962004,14,4517328.729,425131.240,-0 34 48.1,0.99966899,C,1959,1959,MONUMENTED,CGS,,DS = TRIANGULATION STATION DISK,7 = SET IN TOP OF CONCRETE MONUMENT,80-12 D 1959
