FeatureId,DATA_DATE,DATA_SRCE,PID,NAME,HT_MOD,CORS_ID,PACS_SACS,STATE,COUNTY,QUAD,LATITUDE,LONGITUDE,DEC_LAT,DEC_LON,ELLIP_HT,POS_DATUM,DATUM_TAG,POS_EPOCH,POS_SRCE,ORTHO_HT,VERT_DATUM,VERT_EPOCH,VERT_SRCE,GEOID_HT,GEOID_MOD,DYNAMIC_HT,MODEL_GRAV,N_ACC_HZ,N_ACC_EH,N_ACC_STDN,N_ACC_STDE,N_ACC_STDH,N_ACC_CORR,POS_ORDER,VERT_ORDER,VERT_CLASS,ECEF_X,ECEF_Y,ECEF_Z,SPC_ZONE,SPC_NORTH,SPC_EAST,SPC_CONV,SPC_CSF,UTM_ZONE,UTM_NORTH,UTM_EAST,UTM_CONV,UTM_CSF,STABILITY,FIRST_RECV,LAST_RECV,LAST_COND,LAST_RECBY,SAT_USE,MARKER,SETTING,STAMPING
,20260103,http://www.ngs.noaa.gov/cgi-bin/ds_mark.prl?PidBox=OC2779,OC2779,011 0480,,,,NH,BELKNAP,WEST ALTON (2018),43 32 11.44565(N),071 16 48.75906(W),43.5365126806,-71.2802108500,171.304,NAD 83,(2011),2010.00,ADJUSTED,198.4,NAVD 88,,GPS OBS,-27.153,GEOID18,,,1.06,2.02,0.48,0.36,1.03,0.19943993,,,,1486345.336,-4386229.072,4371021.471,NH,115218.123,331235.393,+0 15 58.3,0.99995180,19,4822922.303,315766.448,-1 34 15.9,1.00001752,A,1986,20111104,GOOD,NHDOT,Y,DD = SURVEY DISK,66 = SET IN ROCK OUTCROP,011 0480
,20260103,http://www.ngs.noaa.gov/cgi-bin/ds_mark.prl?PidBox=MY5418,MY5418,013 0370,,,,NH,HILLSBOROUGH,PINARDVILLE (2018),42 53 58.10145(N),071 34 57.88574(W),42.8994726250,-71.5827460389,55.916,NAD 83,(1996),,ADJUSTED,83.2,NAVD 88,,VERTCON3,-27.555,GEOID18,,,,,,,,,1,,,1478449.435,-4439918.487,4319365.560,NH,44378.109,306853.886,+0 03 25.7,0.99995847,19,4752887.802,289136.412,-1 45 31.5,1.00014704,A,UNK,20130619,GOOD,GEOMET,N,DD = SURVEY DISK,66 = SET IN ROCK OUTCROP,013 0370
,20260103,http://www.ngs.noaa.gov/cgi-bin/ds_mark.prl?PidBox=PF1182,PF1182,031 0130,Y,,,NH,GRAFTON,LISBON (2018),44 09 10.75039(N),071 58 59.99455(W),44.1529862194,-71.9833318194,145.728,NAD 83,(2011),2010.00,ADJUSTED,173.27,NAVD 88,,GPS OBS,-27.537,GEOID18,,,0.43,1.16,0.20,0.14,0.59,0.00125686,,,,1417726.719,-4358998.945,4420405.308,NH,183687.932,274667.687,-0 13 14.1,0.99995171,19,4893193.448,261426.143,-2 04 44.7,1.00030007,A,1990,20150311,GOOD,VTGS,Y,DD = SURVEY DISK,66 = SET IN ROCK OUTCROP,031 0130
,20260103,http://www.ngs.noaa.gov/cgi-bin/ds_mark.prl?PidBox=OC2808,OC2808,071 0300,,,,NH,ROCKINGHAM,CANDIA (2018),43 02 11.59771(N),071 19 36.11127(W),43.0365549194,-71.3266975750,80.054,NAD 83,(2011),2010.00,ADJUSTED,107.3,NAVD 88,,GPS OBS,-27.282,GEOID18,,,0.88,1.69,0.40,0.30,0.86,0.11834698,,,,1494958.420,-4423450.402,4330525.536,NH,59659.040,327704.057,+0 13 55.3,0.99996355,19,4767501.319,310463.524,-1 35 18.1,1.00004195,A,1990,20040915,GOOD,USPSQD,Y,DD = SURVEY DISK,66 = SET IN ROCK OUTCROP,071 0300
,20260103,http://www.ngs.noaa.gov/cgi-bin/ds_mark.prl?PidBox=AJ5829,AJ5829,091 0320,,,,NH,SULLIVAN,WINDSOR (2018),43 23 43.44652(N),072 23 38.30126(W),43.3954018111,-72.3939725722,80.408,NAD 83,(2011),2010.00,ADJUSTED,108.1,NAVD 88,,GPS OBS,-27.701,GEOID18,,,0.85,1.78,0.40,0.27,0.91,0.04145559,,,,1404049.087,-4424508.532,4359580.126,NH,99725.348,241078.341,-0 29 58.9,0.99999675,18,4808023.711,711050.070,+1 47 27.9,1.00014794,C,1989,20090601,GOOD,NHDOT,Y,DD = SURVEY DISK,0 = UNSPECIFIED SETTING,091 0320
,20260103,http://www.ngs.noaa.gov/cgi-bin/ds_mark.prl?PidBox=MY0431,MY0431,1,,,,NH,HILLSBOROUGH,NASHUA SOUTH (2018),42 43 20.     (N),071 26 21.     (W),42.7222222222,-71.4391666667,,NAD 83,(1986),,SCALED,36.420,NAVD 88,,ADJUSTED,-27.650,GEOID18,36.412,980395.6,,,,,,,,2,0,,,,NH,24710.,318630.,,,,,,,,D,UNK,1933,GOOD,CGS,,Q = CHISELED SQUARE,9 = POST (STONE OR PRECAST CONCRETE),
,20260103,http://www.ngs.noaa.gov/cgi-bin/ds_mark.prl?PidBox=PF0297,PF0297,1,,,,NH,COOS,UMBAGOG LAKE SOUTH (2018),44 42 21.     (N),071 03 42.     (W),44.7058333333,-71.0616666667,,NAD 83,(1986),,SCALED,389.403,NAVD 88,,ADJUSTED,-26.387,GEOID18,389.346,980460.5,,,,,,,,2,0,,,,NH,245250.,347940.,,,,,,,,D,UNK,20050809,MARK NOT FOUND,GEOCAC,,N = NAIL,30 = SET IN A LIGHT STRUCTURE,
,20260103,http://www.ngs.noaa.gov/cgi-bin/ds_mark.prl?PidBox=MZ0036,MZ0036,1009.4,,,,NH,CHESHIRE,MONADNOCK MOUNTAIN (2018),42 46 37.2    (N),072 01 57.7    (W),42.7770000000,-72.0326944444,,NAD 83,(1986),,HD_HELD2,308.389,NAVD 88,,ADJUSTED,-27.572,GEOID18,308.303,980335.5,,,,,,,,2,0,,,,NH,30835.,270047.,,,,,,,,C,UNK,20061111,GOOD,GEOCAC,N,Q = CHISELED SQUARE,80 = SET IN A BOULDER,1009.4
,20260103,http://www.ngs.noaa.gov/cgi-bin/ds_mark.prl?PidBox=OC2809,OC2809,101 0500,,,,NH,CARROLL,CONWAY (2018),43 59 22.99020(N),071 05 16.96822(W),43.9897195000,-71.0880467278,114.950,NAD 83,(2011),2010.00,ADJUSTED,142.3,NAVD 88,,GPS OBS,-27.358,GEOID18,,,1.26,2.51,0.57,0.44,1.28,0.03356987,,,,1489745.808,-4348231.088,4407349.684,NH,165661.394,346415.397,+0 24 06.8,0.99997513,19,4872850.490,332562.441,-1 27 02.0,0.99994482,A,1991,20210910,GOOD,USPSQD,Y,DD = SURVEY DISK,66 = SET IN ROCK OUTCROP,101 0500
,20260103,http://www.ngs.noaa.gov/cgi-bin/ds_mark.prl?PidBox=PF0325,PF0325,1023.6,,,,NH,COOS,MONADNOCK MOUNTAIN (2018),44 53 36.     (N),071 30 13.     (W),44.8933333333,-71.5036111111,,NAD 83,(1986),,SCALED,311.989,NAVD 88,,ADJUSTED,-26.992,GEOID18,311.951,980486.4,,,,,,,,2,0,,,,NH,265920.,312880.,,,,,,,,D,UNK,1942,MARK NOT FOUND,CGS,,Q = CHISELED SQUARE,30 = SET IN A LIGHT STRUCTURE,
,20260103,http://www.ngs.noaa.gov/cgi-bin/ds_mark.prl?PidBox=PF0533,PF0533,1044,,,,NH,COOS,LANCASTER (2018),44 26 49.     (N),071 31 49.     (W),44.4469444444,-71.5302777778,,NAD 83,(1986),,SCALED,319.332,NAVD 88,,ADJUSTED,-27.099,GEOID18,319.280,980447.0,,,,,,,,2,0,,,,NH,216310.,310860.,,,,,,,,C,1897,1942,MARK NOT FOUND,CGS,,B = BOLT,80 = SET IN A BOULDER,
,20260103,http://www.ngs.noaa.gov/cgi-bin/ds_mark.prl?PidBox=OC0962,OC0962,1068,,,,NH,GRAFTON,WARREN (2018),43 58 39.     (N),071 54 06.     (W),43.9775000000,-71.9016666667,,NAD 83,(1986),,SCALED,325.346,NAVD 88,,ADJUSTED,-27.251,GEOID18,325.282,980412.4,,,,,,,,1,2,,,,NH,164170.,281150.,,,,,,,,A,1906,1955,GOOD,CGS,,DB = BENCH MARK DISK,66 = SET IN ROCK OUTCROP,1068
,20260103,http://www.ngs.noaa.gov/cgi-bin/ds_mark.prl?PidBox=MZ0041,MZ0041,1077.8,,,,NH,CHESHIRE,WINCHENDON (2018),42 43 27.     (N),072 02 23.     (W),42.7241666667,-72.0397222222,,NAD 83,(1986),,SCALED,328.333,NAVD 88,,ADJUSTED,-27.626,GEOID18,328.241,980332.5,,,,,,,,2,0,,,,NH,24970.,269450.,,,,,,,,C,UNK,20061111,MARK NOT FOUND,GEOCAC,,Q = CHISELED SQUARE,32 = SET IN A RETAINING WALL OR CONCRETE LEDGE,
,20260103,http://www.ngs.noaa.gov/cgi-bin/ds_mark.prl?PidBox=OC0773,OC0773,110.9,,,,NH,MERRIMACK,NEW LONDON (2018),43 29 51.     (N),071 52 52.     (W),43.4975000000,-71.8811111111,,NAD 83,(1986),,SCALED,232.333,NAVD 88,,ADJUSTED,-27.296,GEOID18,232.285,980408.1,,,,,,,,1,2,,,,NH,110830.,282660.,,,,,,,,D,UNK,1935,GOOD,CGS,,Q = CHISELED SQUARE,30 = SET IN A LIGHT STRUCTURE,
,20260103,http://www.ngs.noaa.gov/cgi-bin/ds_mark.prl?PidBox=PF0536,PF0536,1108.9 USGS,,,,NH,COOS,TWIN MOUNTAIN (2018),44 22 27.     (N),071 31 15.     (W),44.3741666667,-71.5208333333,,NAD 83,(1986),,SCALED,337.877,NAVD 88,,ADJUSTED,-27.091,GEOID18,337.817,980433.0,,,,,,,,2,0,,,,NH,208230.,311620.,,,,,,,,D,1897,1978,POOR,NGS,,B = BOLT,30 = SET IN A LIGHT STRUCTURE,W 1044
,20260103,http://www.ngs.noaa.gov/cgi-bin/ds_mark.prl?PidBox=PF0495,PF0495,1110,,,,NH,CARROLL,CHATHAM (2018),44 09 59.47   (N),071 00 38.03   (W),44.1665194444,-71.0105638889,,NAD 83,(1986),,HD_HELD1,164.083,NAVD 88,,ADJUSTED,-27.171,GEOID18,164.056,980452.4,,,,,,,,2,0,,,,NH,185352.2,352474.4,,,,,,,,D,1936,20221118,GOOD,NHDOT,Y,DD = SURVEY DISK,31 = SET IN A PAVEMENT SUCH AS STREET SIDEWALK CURB ETC.,1110 1936
,20260103,http://www.ngs.noaa.gov/cgi-bin/ds_mark.prl?PidBox=OD0116,OD0116,1125,,,,NH,MERRIMACK,SUNAPEE LAKE SOUTH (2018),43 20 30.43   (N),072 04 27.03   (W),43.3417861111,-72.0741750000,,NAD 83,(1986),,HD_HELD1,343.062,NAVD 88,,ADJUSTED,-27.366,GEOID18,342.980,980372.0,,,,,,,,2,0,,,,NH,93592.6,266957.2,,,,,,,,C,1904,20220627,GOOD,NHDOT,,DB = BENCH MARK DISK,80 = SET IN A BOULDER,1125 CONCORD
,20260103,http://www.ngs.noaa.gov/cgi-bin/ds_mark.prl?PidBox=PF0440,PF0440,1129.5,,,,NH,COOS,BERLIN (2018),44 29 42.     (N),071 09 46.     (W),44.4950000000,-71.1627777778,,NAD 83,(1986),,SCALED,342.997,NAVD 88,,ADJUSTED,-26.662,GEOID18,342.941,980444.1,,,,,,,,2,0,,,,NH,221770.,340080.,,,,,,,,C,UNK,1936,GOOD,CGS,,Q = CHISELED SQUARE,32 = SET IN A RETAINING WALL OR CONCRETE LEDGE,
,20260103,http://www.ngs.noaa.gov/cgi-bin/ds_mark.prl?PidBox=PF0345,PF0345,1134,,,,NH,COOS,MILAN (2018),44 34 26.     (N),071 11 07.     (W),44.5738888889,-71.1852777778,,NAD 83,(1986),,SCALED,345.638,NAVD 88,,ADJUSTED,-26.650,GEOID18,345.585,980454.3,,,,,,,,2,0,,,,NH,230520.,338240.,,,,,,,,B,1906,1959,GOOD,CGS,,DB = BENCH MARK DISK,36 = SET IN A MASSIVE STRUCTURE,
,20260103,http://www.ngs.noaa.gov/cgi-bin/ds_mark.prl?PidBox=PF0334,PF0334,1171.6,,,,NH,COOS,TEAKETTLE RIDGE (2018),44 39 47.     (N),071 13 09.     (W),44.6630555556,-71.2191666667,,NAD 83,(1986),,SCALED,357.052,NAVD 88,,ADJUSTED,-26.598,GEOID18,357.002,980468.2,,,,,,,,2,0,,,,NH,240410.,335490.,,,,,,,,C,UNK,1936,GOOD,CGS,,Q = CHISELED SQUARE,32 = SET IN A RETAINING WALL OR CONCRETE LEDGE,
,20260103,http://www.ngs.noaa.gov/cgi-bin/ds_mark.prl?PidBox=PF0335,PF0335,1188.0,,,,NH,COOS,TEAKETTLE RIDGE (2018),44 39 05.     (N),071 13 43.     (W),44.6513888889,-71.2286111111,,NAD 83,(1986),,SCALED,362.075,NAVD 88,,ADJUSTED,-26.622,GEOID18,362.024,980466.3,,,,,,,,2,0,,,,NH,239110.,334750.,,,,,,,,D,UNK,1936,GOOD,CGS,,N = NAIL,33 = WOODEN OBJECT (DRIVEN IN A PILE POLE TREE OR STUMP),
,20260103,http://www.ngs.noaa.gov/cgi-bin/ds_mark.prl?PidBox=OC0976,OC0976,119.7,,,,NH,GRAFTON,GRAFTON (2018),43 34 00.     (N),071 57 43.     (W),43.5666666667,-71.9619444444,,NAD 83,(1986),,SCALED,254.672,NAVD 88,,ADJUSTED,-27.330,GEOID18,254.618,980400.0,,,,,,,,1,2,,,,NH,118540.,276150.,,,,,,,,C,UNK,1933,GOOD,CGS,,Q = CHISELED SQUARE,35 = SET IN A MAT FOUNDATION OR CONCRETE SLAB OTHER THAN PAVEMENT,
,20260103,http://www.ngs.noaa.gov/cgi-bin/ds_mark.prl?PidBox=PF0322,PF0322,1194.7,,,,NH,COOS,LOVERING MOUNTAIN (2018),44 52 29.     (N),071 24 39.     (W),44.8747222222,-71.4108333333,,NAD 83,(1986),,SCALED,364.114,NAVD 88,,ADJUSTED,-26.760,GEOID18,364.064,980468.8,,,,,,,,2,0,,,,NH,263870.,320220.,,,,,,,,C,UNK,1933,GOOD,CGS,,Q = CHISELED SQUARE,80 = SET IN A BOULDER,
,20260103,http://www.ngs.noaa.gov/cgi-bin/ds_mark.prl?PidBox=OC0974,OC0974,121.2,,,,NH,GRAFTON,GRAFTON (2018),43 35 05.     (N),071 58 26.     (W),43.5847222222,-71.9738888889,,NAD 83,(1986),,SCALED,263.197,NAVD 88,,ADJUSTED,-27.333,GEOID18,263.141,980401.5,,,,,,,,2,0,,,,NH,120550.,275190.,,,,,,,,C,UNK,1933,GOOD,CGS,,Q = CHISELED SQUARE,35 = SET IN A MAT FOUNDATION OR CONCRETE SLAB OTHER THAN PAVEMENT,
,20260103,http://www.ngs.noaa.gov/cgi-bin/ds_mark.prl?PidBox=OC0971,OC0971,122.3,,,,NH,GRAFTON,GRAFTON (2018),43 36 02.     (N),071 58 04.     (W),43.6005555556,-71.9677777778,,NAD 83,(1986),,SCALED,275.183,NAVD 88,,ADJUSTED,-27.320,GEOID18,275.124,980399.9,,,,,,,,2,0,,,,NH,122310.,275690.,,,,,,,,C,UNK,1933,GOOD,CGS,,Q = CHISELED SQUARE,35 = SET IN A MAT FOUNDATION OR CONCRETE SLAB OTHER THAN PAVEMENT,
,20260103,http://www.ngs.noaa.gov/cgi-bin/ds_mark.prl?PidBox=OC0970,OC0970,122.8,,,,NH,GRAFTON,GRAFTON (2018),43 36 27.     (N),071 57 55.     (W),43.6075000000,-71.9652777778,,NAD 83,(1986),,SCALED,281.705,NAVD 88,,ADJUSTED,-27.313,GEOID18,281.645,980397.5,,,,,,,,1,2,,,,NH,123080.,275890.,,,,,,,,C,UNK,1933,GOOD,CGS,,Q = CHISELED SQUARE,35 = SET IN A MAT FOUNDATION OR CONCRETE SLAB OTHER THAN PAVEMENT,
,20260103,http://www.ngs.noaa.gov/cgi-bin/ds_mark.prl?PidBox=OC0968,OC0968,123.9,,,,NH,GRAFTON,GRAFTON (2018),43 37 23.     (N),071 58 28.     (W),43.6230555556,-71.9744444444,,NAD 83,(1986),,SCALED,296.046,NAVD 88,,ADJUSTED,-27.313,GEOID18,295.983,980399.0,,,,,,,,2,0,,,,NH,124810.,275160.,,,,,,,,D,UNK,1935,GOOD,CGS,,Q = CHISELED SQUARE,30 = SET IN A LIGHT STRUCTURE,
,20260103,http://www.ngs.noaa.gov/cgi-bin/ds_mark.prl?PidBox=PF0320,PF0320,1239.6,,,,NH,COOS,BUNNELL MOUNTAIN (2018),44 52 22.     (N),071 23 44.     (W),44.8727777778,-71.3955555556,,NAD 83,(1986),,SCALED,377.81,NAVD 88,,VERTCON3,-26.714,GEOID18,,,,,,,,,,,,,,,NH,263660.,321420.,,,,,,,,A,UNK,1933,GOOD,CGS,,H = DRILL HOLE,66 = SET IN ROCK OUTCROP,
,20260103,http://www.ngs.noaa.gov/cgi-bin/ds_mark.prl?PidBox=PF0308,PF0308,1243.8,,,,NH,COOS,ERROL (2018),44 46 42.     (N),071 07 54.     (W),44.7783333333,-71.1316666667,,NAD 83,(1986),,SCALED,378.979,NAVD 88,,ADJUSTED,-26.451,GEOID18,378.927,980470.5,,,,,,,,2,0,,,,NH,253270.,342340.,,,,,,,,C,UNK,1936,MARK NOT FOUND,CGS,,Q = CHISELED SQUARE,80 = SET IN A BOULDER,
,20260103,http://www.ngs.noaa.gov/cgi-bin/ds_mark.prl?PidBox=OC2780,OC2780,125 0520,,,,NH,STRAFFORD,DOVER EAST (2018),43 09 12.25003(N),070 50 44.06192(W),43.1534027861,-70.8455727556,-16.697,NAD 83,(1996),,ADJUSTED,10.2,NAVD 88,,VERTCON3,-26.760,GEOID18,,,,,,,,,1,,,1529116.724,-4402296.475,4339938.615,NH,72910.985,366783.916,+0 33 41.8,1.00002413,19,4779503.393,349943.461,-1 15 45.1,0.99987700,,19860930,20060118,GOOD,NGS,Y,,,
,20260103,http://www.ngs.noaa.gov/cgi-bin/ds_mark.prl?PidBox=OC0965,OC0965,125.5,,,,NH,GRAFTON,MOUNT CARDIGAN (2018),43 38 12.     (N),071 59 46.     (W),43.6366666667,-71.9961111111,,NAD 83,(1986),,SCALED,289.482,NAVD 88,,ADJUSTED,-27.351,GEOID18,289.418,980391.6,,,,,,,,2,0,,,,NH,126330.,273420.,,,,,,,,D,UNK,1933,GOOD,CGS,,Q = CHISELED SQUARE,30 = SET IN A LIGHT STRUCTURE,
,20260103,http://www.ngs.noaa.gov/cgi-bin/ds_mark.prl?PidBox=PF0310,PF0310,1258.6,,,,NH,COOS,ERROL (2018),44 46 59.     (N),071 08 30.     (W),44.7830555556,-71.1416666667,,NAD 83,(1986),,SCALED,383.529,NAVD 88,,ADJUSTED,-26.460,GEOID18,383.478,980471.0,,,,,,,,2,0,,,,NH,253790.,341550.,,,,,,,,C,UNK,1936,GOOD,CGS,,Q = CHISELED SQUARE,80 = SET IN A BOULDER,
,20260103,http://www.ngs.noaa.gov/cgi-bin/ds_mark.prl?PidBox=MY5419,MY5419,127 0160,,,,NH,CHESHIRE,PETERBOROUGH NORTH (2018),42 53 12.35642(N),071 59 59.33749(W),42.8867656722,-71.9998159694,311.835,NAD 83,(1996),,ADJUSTED,339.2,NAVD 88,,VERTCON3,-27.460,GEOID18,,,,,,,,,1,,,1446446.156,-4451654.870,4318505.527,NH,43016.960,272785.748,-0 13 36.2,0.99992687,19,4752606.784,255033.006,-2 02 33.2,1.00033831,A,UNK,20060118,GOOD,NGS,Y,DS = TRIANGULATION STATION DISK,66 = SET IN ROCK OUTCROP,127 0160
,20260103,http://www.ngs.noaa.gov/cgi-bin/ds_mark.prl?PidBox=MZ2638,MZ2638,127 0170,,,,NH,CHESHIRE,MARLBOROUGH (2018),42 55 02.93574(N),072 09 05.59426(W),42.9174821500,-72.1515539611,336.932,NAD 83,(1996),,ADJUSTED,364.6,NAVD 88,,VERTCON3,-27.427,GEOID18,,,,,,,,,1,,,1433945.277,-4453276.176,4321022.323,NH,46489.395,260410.237,-0 19 48.7,0.99993310,18,4755588.322,732489.696,+1 56 25.8,1.00026501,A,1982,20140130,GOOD,NHDOT,Y,DD = SURVEY DISK,66 = SET IN ROCK OUTCROP,127 0170
,20260103,http://www.ngs.noaa.gov/cgi-bin/ds_mark.prl?PidBox=OD0048,OD0048,127.95,,,,NH,GRAFTON,CANAAN (2018),43 38 53.     (N),072 04 18.     (W),43.6480555556,-72.0716666667,,NAD 83,(1986),,SCALED,265.134,NAVD 88,,ADJUSTED,-27.479,GEOID18,265.077,980399.3,,,,,,,,2,0,,,,NH,127620.,267330.,,,,,,,,B,UNK,20220802,MARK NOT FOUND,NHDOT,,Q = CHISELED SQUARE,36 = SET IN A MASSIVE STRUCTURE,
,20260103,http://www.ngs.noaa.gov/cgi-bin/ds_mark.prl?PidBox=OC0766,OC0766,129,,,,NH,ROCKINGHAM,EPPING (2018),43 02 13.     (N),071 04 11.     (W),43.0369444444,-71.0697222222,,NAD 83,(1986),,SCALED,39.028,NAVD 88,,ADJUSTED,-27.039,GEOID18,39.020,980430.2,,,,,,,,2,0,,,,NH,59820.,348650.,,,,,,,,B,1903,1990,GOOD,USPSQD,,DB = BENCH MARK DISK,36 = SET IN A MASSIVE STRUCTURE,129 CONCORD
,20260103,http://www.ngs.noaa.gov/cgi-bin/ds_mark.prl?PidBox=PF0301,PF0301,1305.9,,,,NH,COOS,UMBAGOG LAKE SOUTH (2018),44 42 56.     (N),071 04 32.     (W),44.7155555556,-71.0755555556,,NAD 83,(1986),,SCALED,397.918,NAVD 88,,ADJUSTED,-26.402,GEOID18,397.861,980463.1,,,,,,,,2,0,,,,NH,246320.,346840.,,,,,,,,C,UNK,20200419,GOOD,GEOMTX,N,Q = CHISELED SQUARE,80 = SET IN A BOULDER,
,20260103,http://www.ngs.noaa.gov/cgi-bin/ds_mark.prl?PidBox=PF0299,PF0299,1316.0,,,,NH,COOS,UMBAGOG LAKE SOUTH (2018),44 42 34.     (N),071 04 07.     (W),44.7094444444,-71.0686111111,,NAD 83,(1986),,SCALED,401.000,NAVD 88,,ADJUSTED,-26.394,GEOID18,400.944,980466.5,,,,,,,,2,0,,,,NH,245650.,347390.,,,,,,,,D,UNK,20050809,MARK NOT FOUND,GEOCAC,,N = NAIL,33 = WOODEN OBJECT (DRIVEN IN A PILE POLE TREE OR STUMP),
,20260103,http://www.ngs.noaa.gov/cgi-bin/ds_mark.prl?PidBox=MY0419,MY0419,133,,,,NH,HILLSBOROUGH,MANCHESTER SOUTH (2018),42 53 00.51   (N),071 28 11.07   (W),42.8834750000,-71.4697416667,,NAD 83,(1986),,HD_HELD1,40.277,NAVD 88,,ADJUSTED,-27.509,GEOID18,40.269,980412.3,,,,,,,,2,0,,,,NH,42616.4,316087.2,,,,,,,,A,1903,20220427,GOOD,NHDOT,Y,DB = BENCH MARK DISK,66 = SET IN ROCK OUTCROP,133
,20260103,http://www.ngs.noaa.gov/cgi-bin/ds_mark.prl?PidBox=PF0602,PF0602,1335.4,,,,NH,GRAFTON,FRANCONIA (2018),44 14 38.     (N),071 38 18.     (W),44.2438888889,-71.6383333333,,NAD 83,(1986),,SCALED,400.930,NAVD 88,,ADJUSTED,-27.133,GEOID18,400.845,980394.2,,,,,,,,2,0,,,,NH,193740.,302260.,,,,,,,,B,UNK,19900818,MARK NOT FOUND,USPSQD,,DD = SURVEY DISK,36 = SET IN A MASSIVE STRUCTURE,1335.4
,20260103,http://www.ngs.noaa.gov/cgi-bin/ds_mark.prl?PidBox=PF0314,PF0314,1378.0,,,,NH,COOS,DIXVILLE NOTCH (2018),44 49 29.     (N),071 15 09.     (W),44.8247222222,-71.2525000000,,NAD 83,(1986),,SCALED,419.970,NAVD 88,,ADJUSTED,-26.478,GEOID18,419.903,980445.7,,,,,,,,2,0,,,,NH,258370.,332750.,,,,,,,,D,UNK,20230414,MARK NOT FOUND,NHDOT,,N = NAIL,33 = WOODEN OBJECT (DRIVEN IN A PILE POLE TREE OR STUMP),
,20260103,http://www.ngs.noaa.gov/cgi-bin/ds_mark.prl?PidBox=PF0600,PF0600,1482.4,,,,NH,GRAFTON,FRANCONIA (2018),44 14 30.     (N),071 39 09.     (W),44.2416666667,-71.6525000000,,NAD 83,(1986),,SCALED,451.817,NAVD 88,,ADJUSTED,-27.149,GEOID18,451.722,980394.2,,,,,,,,2,0,,,,NH,193490.,301130.,,,,,,,,C,UNK,1933,GOOD,CGS,,Q = CHISELED SQUARE,80 = SET IN A BOULDER,
,20260103,http://www.ngs.noaa.gov/cgi-bin/ds_mark.prl?PidBox=PF0599,PF0599,1483.8,,,,NH,GRAFTON,FRANCONIA (2018),44 14 05.     (N),071 39 46.     (W),44.2347222222,-71.6627777778,,NAD 83,(1986),,SCALED,452.275,NAVD 88,,ADJUSTED,-27.149,GEOID18,452.179,980391.6,,,,,,,,2,0,,,,NH,192720.,300310.,,,,,,,,D,UNK,1933,GOOD,CGS,,N = NAIL,30 = SET IN A LIGHT STRUCTURE,
,20260103,http://www.ngs.noaa.gov/cgi-bin/ds_mark.prl?PidBox=OC2781,OC2781,149 0170,,,,NH,MERRIMACK,GOSSVILLE (2018),43 13 23.05705(N),071 21 53.55550(W),43.2230714028,-71.3648765278,82.210,NAD 83,(1996),,ADJUSTED,109.4,NAVD 88,,VERTCON3,-27.223,GEOID18,,,,,,,,,1,,,1487484.351,-4411023.543,4345649.591,NH,80367.575,324518.241,+0 12 24.0,0.99996117,19,4788302.260,307938.119,-1 37 12.2,1.00005379,A,UNK,20110818,GOOD,NHDOT,Y,DD = SURVEY DISK,66 = SET IN ROCK OUTCROP,149 0170
,20260103,http://www.ngs.noaa.gov/cgi-bin/ds_mark.prl?PidBox=PF1183,PF1183,151 0270,,,,NH,COOS,UMBAGOG LAKE SOUTH (2018),44 44 54.53110(N),071 07 18.07942(W),44.7484808611,-71.1216887278,448.652,NAD 83,(2011),2010.00,ADJUSTED,475.1,NAVD 88,,GPS OBS,-26.436,GEOID18,,,0.92,1.67,0.42,0.31,0.85,0.18084623,,,,1468192.391,-4293541.873,4467856.492,NH,249953.442,343155.933,+0 23 01.2,0.99991922,19,4957200.129,332048.094,-1 29 38.4,0.99994688,A,1992,20200419,GOOD,GEOMTX,Y,DD = SURVEY DISK,66 = SET IN ROCK OUTCROP,151 0270
,20260103,http://www.ngs.noaa.gov/cgi-bin/ds_mark.prl?PidBox=PF0302,PF0302,1533.3,,,,NH,COOS,UMBAGOG LAKE SOUTH (2018),44 43 47.     (N),071 05 41.     (W),44.7297222222,-71.0947222222,,NAD 83,(1986),,SCALED,467.231,NAVD 88,,ADJUSTED,-26.416,GEOID18,467.162,980455.4,,,,,,,,2,0,,,,NH,247880.,345310.,,,,,,,,D,UNK,20050809,MARK NOT FOUND,GEOCAC,,N = NAIL,33 = WOODEN OBJECT (DRIVEN IN A PILE POLE TREE OR STUMP),1533.3
,20260103,http://www.ngs.noaa.gov/cgi-bin/ds_mark.prl?PidBox=PF0304,PF0304,1556.4,,,,NH,COOS,UMBAGOG LAKE SOUTH (2018),44 44 58.     (N),071 07 27.     (W),44.7494444444,-71.1241666667,,NAD 83,(1986),,SCALED,474.290,NAVD 88,,ADJUSTED,-26.440,GEOID18,474.223,980461.2,,,,,,,,2,0,,,,NH,250060.,342960.,,,,,,,,C,UNK,1936,GOOD,CGS,,Q = CHISELED SQUARE,80 = SET IN A BOULDER,
,20260103,http://www.ngs.noaa.gov/cgi-bin/ds_mark.prl?PidBox=PF0305,PF0305,1556.9,,,,NH,COOS,ERROL (2018),44 45 12.     (N),071 07 42.     (W),44.7533333333,-71.1283333333,,NAD 83,(1986),,SCALED,474.424,NAVD 88,,ADJUSTED,-26.446,GEOID18,474.358,980463.5,,,,,,,,2,0,,,,NH,250490.,342630.,,,,,,,,C,UNK,20050809,MARK NOT FOUND,GEOCAC,,W = UNMONUMENTED,32 = SET IN A RETAINING WALL OR CONCRETE LEDGE,
,20260103,http://www.ngs.noaa.gov/cgi-bin/ds_mark.prl?PidBox=PF0307,PF0307,1585.7,,,,NH,COOS,ERROL (2018),44 45 45.     (N),071 07 35.     (W),44.7625000000,-71.1263888889,,NAD 83,(1986),,SCALED,483.199,NAVD 88,,ADJUSTED,-26.440,GEOID18,483.133,980465.4,,,,,,,,2,0,,,,NH,251510.,342770.,,,,,,,,C,UNK,20230412,MARK NOT FOUND,NHDOT,,Q = CHISELED SQUARE,80 = SET IN A BOULDER,
,20260103,http://www.ngs.noaa.gov/cgi-bin/ds_mark.prl?PidBox=OC0286,OC0286,16.08 C OF P,,,,NH,ROCKINGHAM,PORTSMOUTH (2018),43 04 13.     (N),070 46 18.     (W),43.0702777778,-70.7716666667,,NAD 83,(1986),,SCALED,4.527,NAVD 88,,ADJUSTED,-26.666,GEOID18,4.527,980455.1,,,,,,,,1,1,,,,NH,63740.,372890.,,,,,,,,D,UNK,1978,GOOD,DMA,,B = BOLT,30 = SET IN A LIGHT STRUCTURE,
,20260103,http://www.ngs.noaa.gov/cgi-bin/ds_mark.prl?PidBox=PF0455,PF0455,1612,,,,NH,COOS,MOUNT DARTMOUTH (2018),44 15 19.1    (N),071 27 09.7    (W),44.2553055556,-71.4526944444,,NAD 83,(1986),,HD_HELD2,492.401,NAVD 88,,ADJUSTED,-26.831,GEOID18,492.294,980386.4,,,,,,,,2,0,,,,NH,195030.,317088.,,,,,,,,C,UNK,1933,GOOD,CGS,,DB = BENCH MARK DISK,7 = SET IN TOP OF CONCRETE MONUMENT,1612
,20260103,http://www.ngs.noaa.gov/cgi-bin/ds_mark.prl?PidBox=MY0449,MY0449,168,,,,NH,HILLSBOROUGH,NASHUA NORTH (2018),42 45 56.64   (N),071 28 03.78   (W),42.7657333333,-71.4677166667,,NAD 83,(1986),,HD_HELD1,51.268,NAVD 88,,ADJUSTED,-27.621,GEOID18,51.257,980400.0,,,,,,,,2,0,,,,NH,29537.4,316283.5,,,,,,,,D,1903,20110617,POOR,GEOCAC,,DB = BENCH MARK DISK,30 = SET IN A LIGHT STRUCTURE,168 CONCORD
,20260103,http://www.ngs.noaa.gov/cgi-bin/ds_mark.prl?PidBox=DP4888,DP4888,177 0330,,,,NH,COOS,CARTER DOME (2018),44 20 27.02   (N),071 12 10.42   (W),44.3408388889,-71.2028944444,,NAD 83,(1986),,HD_HELD1,341.872,NAVD 88,,ADJUSTED,-26.643,GEOID18,341.810,980425.7,,,,,,,,2,2,,,,NH,204616.7,336982.6,,,,,,,,C,2007,20140512,GOOD,PROFLN,Y,DD = SURVEY DISK,80 = SET IN A BOULDER,177 0330
,20260103,http://www.ngs.noaa.gov/cgi-bin/ds_mark.prl?PidBox=DP4889,DP4889,177 0340,,,,NH,COOS,CARTER DOME (2018),44 20 45.17   (N),071 11 43.32   (W),44.3458805556,-71.1953666667,,NAD 83,(1986),,HD_HELD1,333.902,NAVD 88,,ADJUSTED,-26.654,GEOID18,333.842,980430.2,,,,,,,,2,2,,,,NH,205180.4,337579.6,,,,,,,,B,2007,20140512,GOOD,PROFLN,Y,DD = SURVEY DISK,38 = SET IN THE ABUTMENT OR PIER OF A LARGE BRIDGE,177 0340
,20260103,http://www.ngs.noaa.gov/cgi-bin/ds_mark.prl?PidBox=DP4890,DP4890,177 0360,,,,NH,COOS,CARTER DOME (2018),44 21 33.0    (N),071 11 06.5    (W),44.3591666667,-71.1851388889,,NAD 83,(1986),,HD_HELD2,300.480,NAVD 88,,ADJUSTED,-26.684,GEOID18,300.428,980438.4,,,,,,,,2,2,,,,NH,206661.,338386.,,,,,,,,C,2007,20140512,GOOD,PROFLN,Y,DD = SURVEY DISK,80 = SET IN A BOULDER,177 0360
,20260103,http://www.ngs.noaa.gov/cgi-bin/ds_mark.prl?PidBox=DP4891,DP4891,177 0370,,,,NH,COOS,CARTER DOME (2018),44 22 09.9    (N),071 10 29.6    (W),44.3694166667,-71.1748888889,,NAD 83,(1986),,HD_HELD2,272.377,NAVD 88,,ADJUSTED,-26.703,GEOID18,272.331,980444.2,,,,,,,,2,2,,,,NH,207805.,339197.,,,,,,,,C,2007,20140512,GOOD,PROFLN,Y,DD = SURVEY DISK,80 = SET IN A BOULDER,177 0370
,20260103,http://www.ngs.noaa.gov/cgi-bin/ds_mark.prl?PidBox=DP4892,DP4892,177 0380,,,,NH,COOS,BERLIN (2018),44 22 49.30   (N),071 10 25.85   (W),44.3803611111,-71.1738472222,,NAD 83,(1986),,HD_HELD1,260.052,NAVD 88,,ADJUSTED,-26.723,GEOID18,260.009,980448.2,,,,,,,,2,2,,,,NH,209021.8,339272.5,,,,,,,,A,2007,20140512,GOOD,PROFLN,Y,DD = SURVEY DISK,66 = SET IN ROCK OUTCROP,177 0380
,20260103,http://www.ngs.noaa.gov/cgi-bin/ds_mark.prl?PidBox=PF0458,PF0458,1889,,,,NH,COOS,CRAWFORD NOTCH (2018),44 13 01.50   (N),071 24 38.25   (W),44.2170833333,-71.4106250000,,NAD 83,(1986),,HD_HELD1,576.774,NAVD 88,,ADJUSTED,-26.740,GEOID18,576.642,980370.4,,,,,,,,2,0,,,,NH,190793.0,320460.4,,,,,,,,C,UNK,20221215,GOOD,NHDOT,Y,DB = BENCH MARK DISK,34 = SET IN THE FOOTINGS OF SMALL/MEDIUM STRUCTURES,1889
,20260103,http://www.ngs.noaa.gov/cgi-bin/ds_mark.prl?PidBox=DP4894,DP4894,189 0020,,,,NH,COOS,CARTER DOME (2018),44 17 45.36   (N),071 13 27.35   (W),44.2959333333,-71.2242638889,,NAD 83,(1986),,HD_HELD1,475.371,NAVD 88,,ADJUSTED,-26.566,GEOID18,475.267,980385.0,,,,,,,,2,2,,,,NH,199617.6,335305.4,,,,,,,,C,2007,20140510,GOOD,PROFLN,Y,DD = SURVEY DISK,80 = SET IN A BOULDER,189 0020
,20260103,http://www.ngs.noaa.gov/cgi-bin/ds_mark.prl?PidBox=DP4895,DP4895,189 0030,,,,NH,COOS,CARTER DOME (2018),44 18 04.78   (N),071 13 17.68   (W),44.3013277778,-71.2215777778,,NAD 83,(1986),,HD_HELD1,460.111,NAVD 88,,ADJUSTED,-26.572,GEOID18,460.014,980393.0,,,,,,,,2,2,,,,NH,200218.2,335516.5,,,,,,,,A,2007,20140510,GOOD,PROFLN,Y,DD = SURVEY DISK,66 = SET IN ROCK OUTCROP,189 0030
,20260103,http://www.ngs.noaa.gov/cgi-bin/ds_mark.prl?PidBox=DP4896,DP4896,189 0040,,,,NH,COOS,CARTER DOME (2018),44 18 29.94   (N),071 13 12.29   (W),44.3083166667,-71.2200805556,,NAD 83,(1986),,HD_HELD1,425.385,NAVD 88,,ADJUSTED,-26.580,GEOID18,425.298,980402.2,,,,,,,,2,2,,,,NH,200995.4,335631.8,,,,,,,,B,2007,20140512,GOOD,PROFLN,Y,DD = SURVEY DISK,38 = SET IN THE ABUTMENT OR PIER OF A LARGE BRIDGE,189 0040
,20260103,http://www.ngs.noaa.gov/cgi-bin/ds_mark.prl?PidBox=PF0444,PF0444,1906,,,,NH,COOS,BERLIN (2018),44 28 00.     (N),071 11 02.     (W),44.4666666667,-71.1838888889,,NAD 83,(1986),,SCALED,302.575,NAVD 88,,ADJUSTED,-26.707,GEOID18,302.526,980449.1,,,,,,,,2,0,,,,NH,218610.,338420.,,,,,,,,B,1935,1936,GOOD,CGS,,DD = SURVEY DISK,36 = SET IN A MASSIVE STRUCTURE,1906 1935
,20260103,http://www.ngs.noaa.gov/cgi-bin/ds_mark.prl?PidBox=MY5421,MY5421,195 0110,,,,NH,ROCKINGHAM,SALEM DEPOT (2018),42 51 36.50991(N),071 10 35.22735(W),42.8601416417,-71.1764520417,44.714,NAD 83,(1996),,ADJUSTED,71.8,NAVD 88,,VERTCON3,-27.267,GEOID18,,,,,,,,,1,,,1510852.864,-4432129.393,4316156.168,NH,40122.120,340061.818,+0 20 00.4,0.99997939,19,4747581.642,322195.893,-1 28 51.0,0.99998895,A,UNK,20171228,GOOD,GEOCAC,Y,DD = SURVEY DISK,66 = SET IN ROCK OUTCROP,GPS 195 0110
,20260103,http://www.ngs.noaa.gov/cgi-bin/ds_mark.prl?PidBox=PF0582,PF0582,1968.9,,,,NH,GRAFTON,FRANCONIA (2018),44 10 06.     (N),071 41 00.     (W),44.1683333333,-71.6833333333,,NAD 83,(1986),,SCALED,600.464,NAVD 88,,ADJUSTED,-26.981,GEOID18,600.309,980340.9,,,,,,,,2,0,,,,NH,185350.,298670.,,,,,,,,D,UNK,1933,GOOD,CGS,,Q = CHISELED SQUARE,30 = SET IN A LIGHT STRUCTURE,
,20260103,http://www.ngs.noaa.gov/cgi-bin/ds_mark.prl?PidBox=OC0735,OC0735,199,,,,NH,MERRIMACK,MANCHESTER NORTH (2018),43 05 46.98   (N),071 27 49.92   (W),43.0963833333,-71.4638666667,,NAD 83,(1986),,HD_HELD1,60.324,NAVD 88,,ADJUSTED,-27.423,GEOID18,60.311,980411.3,,,,,,,,2,0,,,,NH,66269.3,316510.1,,,,,,,,B,UNK,20220415,GOOD,NHDOT,Y,DB = BENCH MARK DISK,36 = SET IN A MASSIVE STRUCTURE,199
,20260103,http://www.ngs.noaa.gov/cgi-bin/ds_mark.prl?PidBox=PF0585,PF0585,2,,,,NH,GRAFTON,FRANCONIA (2018),44 10 46.     (N),071 41 36.     (W),44.1794444444,-71.6933333333,,NAD 83,(1986),,SCALED,589.289,NAVD 88,,ADJUSTED,-27.039,GEOID18,589.149,980363.5,,,,,,,,2,0,,,,NH,186580.,297870.,,,,,,,,D,UNK,1933,GOOD,CGS,,S = SPIKE,30 = SET IN A LIGHT STRUCTURE,
,20260103,http://www.ngs.noaa.gov/cgi-bin/ds_mark.prl?PidBox=OC0806,OC0806,201,,,,NH,BELKNAP,NORTHFIELD (2018),43 27 18.     (N),071 33 44.     (W),43.4550000000,-71.5622222222,,NAD 83,(1986),,SCALED,144.837,NAVD 88,,ADJUSTED,-27.285,GEOID18,144.810,980427.5,,,,,,,,1,2,,,,NH,106100.,308450.,,,,,,,,D,UNK,20220720,MARK NOT FOUND,NHDOT,,Q = CHISELED SQUARE,30 = SET IN A LIGHT STRUCTURE,
,20260103,http://www.ngs.noaa.gov/cgi-bin/ds_mark.prl?PidBox=OD1786,OD1786,203 0170,,,,NH,GRAFTON,LYME (2018),43 45 59.50718(N),072 11 36.67116(W),43.7665297722,-72.1935197667,197.704,NAD 83,(2011),2010.00,ADJUSTED,225.3,NAVD 88,,GPS OBS,-27.587,GEOID18,,,0.76,1.27,0.35,0.25,0.65,0.01746740,,,,1410853.013,-4392585.676,4389531.407,NH,140835.774,257579.156,-0 21 52.0,0.99995779,18,4849770.764,725891.525,+1 56 31.6,1.00022767,A,1989,20110110,GOOD,VTGS,Y,DD = SURVEY DISK,66 = SET IN ROCK OUTCROP,203 0170
,20260103,http://www.ngs.noaa.gov/cgi-bin/ds_mark.prl?PidBox=OC0760,OC0760,205,,,,NH,ROCKINGHAM,MOUNT PAWTUCKAWAY (2018),43 02 10.     (N),071 10 59.     (W),43.0361111111,-71.1830555556,,NAD 83,(1986),,SCALED,62.297,NAVD 88,,ADJUSTED,-27.152,GEOID18,62.284,980424.2,,,,,,,,2,0,,,,NH,59670.,339410.,,,,,,,,B,1903,20240105,POOR,INDIV,,DB = BENCH MARK DISK,36 = SET IN A MASSIVE STRUCTURE,205
,20260103,http://www.ngs.noaa.gov/cgi-bin/ds_mark.prl?PidBox=AI3397,AI3397,209 0170,Y,,,NH,GRAFTON,NEWBURY (2018),44 01 50.28878(N),072 00 32.31402(W),44.0306357722,-72.0089761167,198.115,NAD 83,(2011),2010.00,ADJUSTED,225.60,NAVD 88,,GPS OBS,-27.468,GEOID18,,,2.07,2.29,0.90,0.75,1.17,-0.33641172,,,,1418709.004,-4368665.994,4410677.324,NH,170101.743,272559.702,-0 14 16.5,0.99994486,18,4879625.787,739683.089,+2 04 47.6,1.00030661,B,1998,20170901,GOOD,INDIV,Y,DD = SURVEY DISK,38 = SET IN THE ABUTMENT OR PIER OF A LARGE BRIDGE,209 0170
,20260103,http://www.ngs.noaa.gov/cgi-bin/ds_mark.prl?PidBox=MY0409,MY0409,209.6,,,,NH,HILLSBOROUGH,MANCHESTER SOUTH (2018),42 59 27.     (N),071 27 47.     (W),42.9908333333,-71.4630555556,,NAD 83,(1986),,SCALED,63.724,NAVD 88,,ADJUSTED,-27.454,GEOID18,63.710,980407.6,,,,,,,,2,0,,,,NH,54540.,316610.,,,,,,,,D,1903,20040313,MARK NOT FOUND,USPSQD,,B = BOLT,31 = SET IN A PAVEMENT SUCH AS STREET SIDEWALK CURB ETC.,
,20260103,http://www.ngs.noaa.gov/cgi-bin/ds_mark.prl?PidBox=OC0732,OC0732,210,,,,NH,MERRIMACK,SUNCOOK (2018),43 09 22.0    (N),071 29 41.9    (W),43.1561111111,-71.4949722222,,NAD 83,(1986),,HD_HELD2,63.956,NAVD 88,,ADJUSTED,-27.441,GEOID18,63.942,980410.6,,,,,,,,2,0,,,,NH,72899.,313964.,,,,,,,,D,1904,20060128,POOR,USPSQD,,DB = BENCH MARK DISK,30 = SET IN A LIGHT STRUCTURE,210 CONCORD
,20260103,http://www.ngs.noaa.gov/cgi-bin/ds_mark.prl?PidBox=OC2810,OC2810,213 0210,,,,NH,MERRIMACK,HENNIKER (2018),43 11 05.54148(N),071 49 57.17652(W),43.1848726333,-71.8325490333,141.055,NAD 83,(2011),2010.00,ADJUSTED,168.5,NAVD 88,,GPS OBS,-27.439,GEOID18,,,1.19,2.12,0.54,0.41,1.08,-0.09449933,,,,1452349.788,-4425819.187,4342596.457,NH,76093.097,286514.863,-0 06 48.7,0.99994678,19,4785240.521,269810.909,-1 56 21.5,1.00025187,A,1989,20130619,GOOD,GEOMET,Y,DD = SURVEY DISK,66 = SET IN ROCK OUTCROP,213 0210
,20260103,http://www.ngs.noaa.gov/cgi-bin/ds_mark.prl?PidBox=MY0808,MY0808,214,,,,NH,HILLSBOROUGH,SOUTH MERRIMACK (2018),42 48 14.     (N),071 33 16.     (W),42.8038888889,-71.5544444444,,NAD 83,(1986),,SCALED,65.161,NAVD 88,,ADJUSTED,-27.629,GEOID18,65.146,980398.9,,,,,,,,2,0,,,,NH,33760.,309180.,,,,,,,,A,1904,1976,MARK NOT FOUND,LOCENG,,DB = BENCH MARK DISK,66 = SET IN ROCK OUTCROP,214 CONCORD
,20260103,http://www.ngs.noaa.gov/cgi-bin/ds_mark.prl?PidBox=MZ2996,MZ2996,219 0090,,,,NH,CHESHIRE,BRATTLEBORO (2018),42 49 11.36854(N),072 32 16.56892(W),42.8198245944,-72.5379358111,56.246,NAD 83,(2011),2010.00,ADJUSTED,84.283,NAVD 88,,ADJUSTED,-28.041,GEOID18,84.263,980380.1,0.66,1.55,0.30,0.23,0.79,0.05556045,,2,1,1406034.709,-4469689.346,4312879.875,NH,35895.110,228750.801,-0 35 32.0,1.00002028,18,4743747.143,701268.972,+1 40 26.4,1.00009839,A,1989,20230814,GOOD,PARSRV,Y,DD = SURVEY DISK,66 = SET IN ROCK OUTCROP,219 0090
,20260103,http://www.ngs.noaa.gov/cgi-bin/ds_mark.prl?PidBox=AB7408,AB7408,219 0100,,,,NH,CHESHIRE,BRATTLEBORO (2018),42 49 41.7    (N),072 32 33.3    (W),42.8282500000,-72.5425833333,,NAD 83,(1986),,HD_HELD2,85.171,NAVD 88,,ADJUSTED,-28.033,GEOID18,85.150,980380.5,,,,,,,,2,1,,,,NH,36835.,228380.,,,,,,,,C,1995,20120512,GOOD,VTGS,N,DD = SURVEY DISK,7 = SET IN TOP OF CONCRETE MONUMENT,219 0100
,20260103,http://www.ngs.noaa.gov/cgi-bin/ds_mark.prl?PidBox=AB7407,AB7407,219 0110,,,,NH,CHESHIRE,BRATTLEBORO (2018),42 50 26.2    (N),072 32 41.1    (W),42.8406111111,-72.5447500000,,NAD 83,(1986),,HD_HELD2,89.582,NAVD 88,,ADJUSTED,-28.020,GEOID18,89.561,980380.9,,,,,,,,2,1,,,,NH,38210.,228218.,,,,,,,,C,1995,20120517,GOOD,VTGS,N,DD = SURVEY DISK,80 = SET IN A BOULDER,219 0110
,20260103,http://www.ngs.noaa.gov/cgi-bin/ds_mark.prl?PidBox=AB7406,AB7406,219 0120,,,,NH,CHESHIRE,BRATTLEBORO (2018),42 50 58.41   (N),072 32 50.04   (W),42.8495583333,-72.5472333333,,NAD 83,(1986),,HD_HELD1,87.030,NAVD 88,,ADJUSTED,-28.010,GEOID18,87.010,980382.6,,,,,,,,2,1,,,,NH,39206.0,228025.0,,,,,,,,C,1995,20120517,GOOD,VTGS,N,DD = SURVEY DISK,35 = SET IN A MAT FOUNDATION OR CONCRETE SLAB OTHER THAN PAVEMENT,219 0120
,20260103,http://www.ngs.noaa.gov/cgi-bin/ds_mark.prl?PidBox=MY0441,MY0441,224,,,,NH,HILLSBOROUGH,MANCHESTER SOUTH (2018),42 59 27.63   (N),071 27 37.35   (W),42.9910083333,-71.4603750000,,NAD 83,(1986),,HD_HELD1,68.268,NAVD 88,,ADJUSTED,-27.451,GEOID18,68.253,980407.7,,,,,,,,2,0,,,,NH,54563.9,316823.1,,,,,,,,D,1903,20250103,GOOD,USPSQD,N,DB = BENCH MARK DISK,31 = SET IN A PAVEMENT SUCH AS STREET SIDEWALK CURB ETC.,224
,20260103,http://www.ngs.noaa.gov/cgi-bin/ds_mark.prl?PidBox=OC0757,OC0757,227,,,,NH,ROCKINGHAM,MOUNT PAWTUCKAWAY (2018),43 03 50.     (N),071 13 21.     (W),43.0638888889,-71.2225000000,,NAD 83,(1986),,SCALED,69.129,NAVD 88,,ADJUSTED,-27.172,GEOID18,69.115,980421.8,,,,,,,,2,0,,,,NH,62740.,336180.,,,,,,,,C,1917,20220928,MARK NOT FOUND,NHDOT,,DB = BENCH MARK DISK,80 = SET IN A BOULDER,227
,20260103,http://www.ngs.noaa.gov/cgi-bin/ds_mark.prl?PidBox=OC0388,OC0388,230,,,,NH,STRAFFORD,ROCHESTER (2018),43 18 20.     (N),070 58 46.     (W),43.3055555556,-70.9794444444,,NAD 83,(1986),,SCALED,69.853,NAVD 88,,ADJUSTED,-26.912,GEOID18,69.840,980437.7,,,,,,,,1,2,,,,NH,89720.,355760.,,,,,,,,C,UNK,1956,GOOD,CGS,,DD = SURVEY DISK,32 = SET IN A RETAINING WALL OR CONCRETE LEDGE,230
,20260103,http://www.ngs.noaa.gov/cgi-bin/ds_mark.prl?PidBox=PF0818,PF0818,235 NHHD,,,,NH,COOS,JEFFERSON (2018),44 23 12.4    (N),071 28 48.5    (W),44.3867777778,-71.4801388889,,NAD 83,(1986),,HD_HELD2,330.635,NAVD 88,,ADJUSTED,-27.018,GEOID18,330.577,980435.7,,,,,,,,1,2,,,,NH,209634.,314863.,,,,,,,,D,UNK,1978,GOOD,NGS,,DB = BENCH MARK DISK,30 = SET IN A LIGHT STRUCTURE,
,20260103,http://www.ngs.noaa.gov/cgi-bin/ds_mark.prl?PidBox=MZ2893,MZ2893,237 0190,,,,NH,CHESHIRE,KEENE (2018),42 55 20.13938(N),072 15 41.96147(W),42.9222609389,-72.2616559639,,NAD 83,(1996),,ADJUSTED,148.8,NAVD 88,,VERTCON3,-27.685,GEOID18,,,,,,,,,2,,,,,,NH,47077.949,251424.432,-0 24 18.7,0.99997669,18,4755820.440,723485.388,+1 51 56.1,1.00021449,D,1982,1982,MONUMENTED,NHDPWH,,DS = TRIANGULATION STATION DISK,9 = POST (STONE OR PRECAST CONCRETE),S 3
,20260103,http://www.ngs.noaa.gov/cgi-bin/ds_mark.prl?PidBox=MZ2894,MZ2894,237 0200,,,,NH,CHESHIRE,KEENE (2018),42 55 09.93991(N),072 15 34.79203(W),42.9194277528,-72.2596644528,,NAD 83,(1996),,ADJUSTED,154.9,NAVD 88,,VERTCON3,-27.683,GEOID18,,,,,,,,,2,,,,,,NH,46762.068,251584.803,-0 24 13.8,0.99997553,18,4755511.094,723658.186,+1 52 00.7,1.00021544,D,1982,1982,MONUMENTED,NHDPWH,,DH = HORIZONTAL CONTROL DISK,2 = IMBEDDED OR DRIVEN IN THE GROUND,
,20260103,http://www.ngs.noaa.gov/cgi-bin/ds_mark.prl?PidBox=MZ2895,MZ2895,237 0240,,,,NH,CHESHIRE,KEENE (2018),42 55 25.02076(N),072 18 28.87263(W),42.9236168778,-72.3080201750,,NAD 83,(1996),,ADJUSTED,149.2,NAVD 88,,VERTCON3,-27.765,GEOID18,,,,,,,,,2,,,,,,NH,47256.390,247640.345,-0 26 12.4,0.99998133,18,4755848.812,719696.421,+1 50 02.5,1.00019383,D,1982,1982,MONUMENTED,NHDPWH,,DH = HORIZONTAL CONTROL DISK,2 = IMBEDDED OR DRIVEN IN THE GROUND,
,20260103,http://www.ngs.noaa.gov/cgi-bin/ds_mark.prl?PidBox=MZ2896,MZ2896,237 0250,,,,NH,CHESHIRE,KEENE (2018),42 55 23.70867(N),072 18 01.65517(W),42.9232524083,-72.3004597694,,NAD 83,(1996),,ADJUSTED,144.4,NAVD 88,,VERTCON3,-27.757,GEOID18,,,,,,,,,2,,,,,,NH,47211.224,248257.268,-0 25 53.9,0.99998130,18,4755828.122,720314.770,+1 50 21.0,1.00019717,D,1982,1982,MONUMENTED,NHDPWH,,DH = HORIZONTAL CONTROL DISK,2 = IMBEDDED OR DRIVEN IN THE GROUND,
,20260103,http://www.ngs.noaa.gov/cgi-bin/ds_mark.prl?PidBox=MZ2897,MZ2897,237 0280,,,,NH,CHESHIRE,KEENE (2018),42 57 04.32455(N),072 18 35.65669(W),42.9512012639,-72.3099046361,,NAD 83,(1996),,ADJUSTED,151.4,NAVD 88,,VERTCON3,-27.750,GEOID18,,,,,,,,,2,,,,,,NH,50321.868,247509.934,-0 26 17.9,0.99998115,18,4758907.302,719444.569,+1 50 01.3,1.00019246,D,1982,1982,MONUMENTED,NHDPWH,,DH = HORIZONTAL CONTROL DISK,2 = IMBEDDED OR DRIVEN IN THE GROUND,
,20260103,http://www.ngs.noaa.gov/cgi-bin/ds_mark.prl?PidBox=MZ2898,MZ2898,237 0290,,,,NH,CHESHIRE,KEENE (2018),42 56 52.70848(N),072 18 06.72392(W),42.9479745778,-72.3018677556,,NAD 83,(1996),,ADJUSTED,149.1,NAVD 88,,VERTCON3,-27.738,GEOID18,,,,,,,,,2,,,,,,NH,49958.434,248163.061,-0 25 58.1,0.99998068,18,4758569.980,720111.719,+1 50 20.6,1.00019607,D,1982,1982,MONUMENTED,NHDPWH,,DH = HORIZONTAL CONTROL DISK,2 = IMBEDDED OR DRIVEN IN THE GROUND,
,20260103,http://www.ngs.noaa.gov/cgi-bin/ds_mark.prl?PidBox=MZ2899,MZ2899,237 0300,,,,NH,CHESHIRE,KEENE (2018),42 56 40.84413(N),072 17 40.66754(W),42.9446789250,-72.2946298722,,NAD 83,(1996),,ADJUSTED,153.5,NAVD 88,,VERTCON3,-27.727,GEOID18,,,,,,,,,2,,,,,,NH,49587.889,248750.991,-0 25 40.2,0.99997924,18,4758222.962,720713.996,+1 50 38.0,1.00019934,D,1982,1982,MONUMENTED,NHDPWH,,DH = HORIZONTAL CONTROL DISK,2 = IMBEDDED OR DRIVEN IN THE GROUND,
,20260103,http://www.ngs.noaa.gov/cgi-bin/ds_mark.prl?PidBox=MZ2900,MZ2900,237 0310,,,,NH,CHESHIRE,KEENE (2018),42 56 00.47547(N),072 17 50.67512(W),42.9334654083,-72.2974097556,,NAD 83,(1996),,ADJUSTED,151.8,NAVD 88,,VERTCON3,-27.745,GEOID18,,,,,,,,,2,,,,,,NH,48343.896,248514.778,-0 25 46.7,0.99997981,18,4756970.334,720527.236,+1 50 29.8,1.00019832,D,1982,1982,MONUMENTED,NHDPWH,,DH = HORIZONTAL CONTROL DISK,0 = UNSPECIFIED SETTING,
,20260103,http://www.ngs.noaa.gov/cgi-bin/ds_mark.prl?PidBox=MZ2901,MZ2901,237 0320,,,,NH,CHESHIRE,MARLBOROUGH (2018),42 58 10.39929(N),072 14 33.43834(W),42.9695553583,-72.2426217611,,NAD 83,(1996),,ADJUSTED,267.7,NAVD 88,,VERTCON3,-27.559,GEOID18,,,,,,,,,2,,,,,,NH,52320.995,253014.392,-0 23 33.3,0.99995615,18,4761123.578,724866.571,+1 52 48.9,1.00022210,D,1982,1982,MONUMENTED,NHDPWH,,DH = HORIZONTAL CONTROL DISK,2 = IMBEDDED OR DRIVEN IN THE GROUND,
,20260103,http://www.ngs.noaa.gov/cgi-bin/ds_mark.prl?PidBox=MZ2902,MZ2902,237 0330,,,,NH,CHESHIRE,MARLBOROUGH (2018),42 58 10.39092(N),072 14 13.63059(W),42.9695530333,-72.2371196083,,NAD 83,(1996),,ADJUSTED,253.9,NAVD 88,,VERTCON3,-27.546,GEOID18,,,,,,,,,2,,,,,,NH,52317.676,253463.250,-0 23 19.8,0.99995780,18,4761138.065,725315.310,+1 53 02.4,1.00022458,D,1982,1982,MONUMENTED,NHDPWH,,DH = HORIZONTAL CONTROL DISK,2 = IMBEDDED OR DRIVEN IN THE GROUND,
,20260103,http://www.ngs.noaa.gov/cgi-bin/ds_mark.prl?PidBox=MY5422,MY5422,243 0180,,,,NH,ROCKINGHAM,KINGSTON (2018),42 56 56.44985(N),071 03 30.73408(W),42.9490138472,-71.0585372444,14.881,NAD 83,(2011),2010.00,ADJUSTED,41.9,NAVD 88,,GPS OBS,-27.097,GEOID18,,,1.05,2.06,0.48,0.36,1.05,0.05681479,,,,1517782.149,-4422632.664,4323367.671,NH,50057.553,349626.857,+0 24 51.7,0.99999462,19,4757208.779,332070.708,-1 24 10.5,0.99994693,D,1986,20000818,GOOD,NGS,Y,DD = SURVEY DISK,9 = POST (STONE OR PRECAST CONCRETE),243 0180
,20260103,http://www.ngs.noaa.gov/cgi-bin/ds_mark.prl?PidBox=PF1184,PF1184,247 0230,,,,NH,COOS,LANCASTER (2018),44 28 14.15405(N),071 32 46.34164(W),44.4705983472,-71.5462060111,318.411,NAD 83,(2011),2010.00,ADJUSTED,345.5,NAVD 88,,GPS OBS,-27.112,GEOID18,,,0.95,1.76,0.44,0.31,0.90,0.15121794,,,,1443176.033,-4324786.025,4445780.358,NH,218937.580,309584.677,+0 05 03.8,0.99991788,19,4927296.806,297479.324,-1 47 03.6,1.00010441,A,1991,20030513,GOOD,VTGS,Y,DD = SURVEY DISK,66 = SET IN ROCK OUTCROP,247 0230
,20260103,http://www.ngs.noaa.gov/cgi-bin/ds_mark.prl?PidBox=PF0799,PF0799,25 LBN,,,,NH,COOS,CARTER DOME (2018),44 21 49.65   (N),071 10 36.57   (W),44.3637916667,-71.1768250000,,NAD 83,(1986),,HD_HELD1,284.687,NAVD 88,,ADJUSTED,-26.692,GEOID18,284.639,980441.8,,,,,,,,1,2,,,,NH,207179.2,339046.2,,,,,,,,B,1963,20140512,GOOD,PROFLN,,DD = SURVEY DISK,37 = SET IN A MASSIVE RETAINING WALL,25 LBN 1963 934
,20260103,http://www.ngs.noaa.gov/cgi-bin/ds_mark.prl?PidBox=AH8861,AH8861,253 0390,Y,,SACS,NH,GRAFTON,HANOVER (2018),43 37 57.63683(N),072 17 59.68371(W),43.6326768972,-72.2999121417,149.054,NAD 83,(2011),2010.00,ADJUSTED,176.72,NAVD 88,,GPS OBS,-27.677,GEOID18,,,0.86,1.59,0.38,0.32,0.81,-0.01926299,,,,1405807.249,-4404952.940,4378745.533,NH,126024.310,248899.145,-0 26 13.1,0.99997540,18,4834619.156,717812.185,+1 51 50.0,1.00018359,B,1983,20220215,GOOD,NHDOT,Y,DD = SURVEY DISK,65 = SET IN UNSPECIFIED ROCK OR BOULDER,253 0390
,20260103,http://www.ngs.noaa.gov/cgi-bin/ds_mark.prl?PidBox=OC0741,OC0741,255,,,,NH,ROCKINGHAM,MANCHESTER NORTH (2018),43 00 16.46   (N),071 23 18.94   (W),43.0045722222,-71.3885944444,,NAD 83,(1986),,HD_HELD1,77.676,NAVD 88,,ADJUSTED,-27.370,GEOID18,77.659,980405.9,,,,,,,,2,0,,,,NH,56087.5,322671.8,,,,,,,,C,UNK,20220926,MARK NOT FOUND,NHDOT,,DB = BENCH MARK DISK,80 = SET IN A BOULDER,255 CONCORD ET
,20260103,http://www.ngs.noaa.gov/cgi-bin/ds_mark.prl?PidBox=OC2782,OC2782,255 0180,,,,NH,STRAFFORD,DOVER WEST (2018),43 08 58.15193(N),070 59 29.40457(W),43.1494866472,-70.9915012694,27.172,NAD 83,(2011),2010.00,ADJUSTED,54.1,NAVD 88,,GPS OBS,-26.926,GEOID18,,,0.93,1.80,0.43,0.31,0.92,0.03500791,,,,1518006.762,-4406488.339,4339651.216,NH,72369.926,354918.243,+0 27 42.3,0.99999949,19,4779340.323,338067.919,-1 21 44.2,0.99992258,A,1986,20120429,GOOD,UNHFIT,Y,DD = SURVEY DISK,66 = SET IN ROCK OUTCROP,255 0180
,20260103,http://www.ngs.noaa.gov/cgi-bin/ds_mark.prl?PidBox=PF1185,PF1185,259 0500,,,,NH,GRAFTON,LINCOLN (2018),44 03 05.98975(N),071 41 20.64726(W),44.0516638194,-71.6890686833,226.766,NAD 83,(2011),2010.00,ADJUSTED,253.9,NAVD 88,,GPS OBS,-27.112,GEOID18,,,0.96,1.80,0.44,0.33,0.92,0.09111035,,,,1442575.090,-4359154.141,4412376.862,NH,172381.426,298204.839,-0 00 56.1,0.99993115,19,4881127.088,284590.743,-1 52 13.6,1.00017072,A,1991,2000,GOOD,NGS,Y,DD = SURVEY DISK,66 = SET IN ROCK OUTCROP,259 0500
,20260103,http://www.ngs.noaa.gov/cgi-bin/ds_mark.prl?PidBox=PF0597,PF0597,26,,,,NH,GRAFTON,FRANCONIA (2018),44 12 46.     (N),071 41 05.     (W),44.2127777778,-71.6847222222,,NAD 83,(1986),,SCALED,459.424,NAVD 88,,ADJUSTED,-27.128,GEOID18,459.326,980389.9,,,,,,,,2,0,,,,NH,190280.,298560.,,,,,,,,D,UNK,1933,GOOD,CGS,,S = SPIKE,30 = SET IN A LIGHT STRUCTURE,
,20260103,http://www.ngs.noaa.gov/cgi-bin/ds_mark.prl?PidBox=MY0796,MY0796,268,,,,NH,HILLSBOROUGH,MILFORD (2018),42 51 45.6    (N),071 37 39.5    (W),42.8626666667,-71.6276388889,,NAD 83,(1986),,HD_HELD2,81.544,NAVD 88,,ADJUSTED,-27.604,GEOID18,81.526,980394.9,,,,,,,,2,0,,,,NH,40287.,303189.,,,,,,,,B,1904,1959,GOOD,CGS,,DB = BENCH MARK DISK,36 = SET IN A MASSIVE STRUCTURE,268 CONCORD
,20260103,http://www.ngs.noaa.gov/cgi-bin/ds_mark.prl?PidBox=OC0287,OC0287,27.30 C OF P,,,,NH,ROCKINGHAM,PORTSMOUTH (2018),43 04 23.     (N),070 45 59.     (W),43.0730555556,-70.7663888889,,NAD 83,(1986),,SCALED,7.568,NAVD 88,,ADJUSTED,-26.658,GEOID18,7.567,980455.7,,,,,,,,1,1,,,,NH,64050.,373320.,,,,,,,,D,UNK,1978,MARK NOT FOUND,DMA,,B = BOLT,30 = SET IN A LIGHT STRUCTURE,
,20260103,http://www.ngs.noaa.gov/cgi-bin/ds_mark.prl?PidBox=MY0816,MY0816,271,,,,NH,HILLSBOROUGH,MILFORD (2018),42 50 06.38   (N),071 39 09.78   (W),42.8351055556,-71.6527166667,,NAD 83,(1986),,HD_HELD1,82.373,NAVD 88,,ADJUSTED,-27.642,GEOID18,82.354,980387.0,,,,,,,,2,0,,,,NH,37224.5,301140.5,,,,,,,,B,1904,1984,GOOD,USPSQD,,DB = BENCH MARK DISK,36 = SET IN A MASSIVE STRUCTURE,271 CONCORD
,20260103,http://www.ngs.noaa.gov/cgi-bin/ds_mark.prl?PidBox=OC2784,OC2784,271 0220,,,,NH,MERRIMACK,LOUDON (2018),43 21 17.00805(N),071 27 58.80926(W),43.3547244583,-71.4663359056,118.119,NAD 83,(1996),,ADJUSTED,145.3,NAVD 88,,VERTCON3,-27.259,GEOID18,,,,,,,,,1,,,1476491.399,-4404166.415,4356321.046,NH,94968.797,316240.341,+0 08 15.1,0.99995139,19,4803161.741,300129.672,-1 41 37.4,1.00009143,D,UNK,20060118,GOOD,NGS,Y,DD = SURVEY DISK,9 = POST (STONE OR PRECAST CONCRETE),271 0220
,20260103,http://www.ngs.noaa.gov/cgi-bin/ds_mark.prl?PidBox=AI3377,AI3377,277 0040,Y,,,NH,GRAFTON,LYME (2018),43 48 33.36287(N),072 10 02.78513(W),43.8092674639,-72.1674403139,130.080,NAD 83,(2011),2010.00,ADJUSTED,157.65,NAVD 88,,GPS OBS,-27.564,GEOID18,,,1.49,1.82,0.69,0.49,0.93,-0.04585143,,,,1411831.006,-4388768.436,4392912.675,NH,145571.101,259707.727,-0 20 48.0,0.99996623,18,4854589.135,727828.191,+1 57 42.2,1.00023847,A,1998,20110110,GOOD,VTGS,Y,DD = SURVEY DISK,66 = SET IN ROCK OUTCROP,277-0040
,20260103,http://www.ngs.noaa.gov/cgi-bin/ds_mark.prl?PidBox=OC0816,OC0816,288,,,,NH,MERRIMACK,CONCORD (2018),43 12 24.75   (N),071 32 16.29   (W),43.2068750000,-71.5378583333,,NAD 83,(1986),,HD_HELD1,87.602,NAVD 88,,ADJUSTED,-27.466,GEOID18,87.584,980415.8,,,,,,,,2,0,,,,NH,78532.1,310467.5,,,,,,,,,1904,20190625,POOR,GEOCAC,N,,,CONCORD 288
,20260103,http://www.ngs.noaa.gov/cgi-bin/ds_mark.prl?PidBox=OC0288,OC0288,29.70 C OF P,,,,NH,ROCKINGHAM,PORTSMOUTH (2018),43 04 18.     (N),070 45 53.     (W),43.0716666667,-70.7647222222,,NAD 83,(1986),,SCALED,8.660,NAVD 88,,ADJUSTED,-26.656,GEOID18,8.658,980455.7,,,,,,,,1,1,,,,NH,63900.,373460.,,,,,,,,D,UNK,20060426,GOOD,GEOCAC,,B = BOLT,30 = SET IN A LIGHT STRUCTURE,
,20260103,http://www.ngs.noaa.gov/cgi-bin/ds_mark.prl?PidBox=DP4897,DP4897,291 0030,,,,NH,COOS,CARTER DOME (2018),44 19 19.60   (N),071 13 02.92   (W),44.3221111111,-71.2174777778,,NAD 83,(1986),,HD_HELD1,384.112,NAVD 88,,ADJUSTED,-26.602,GEOID18,384.037,980413.5,,,,,,,,2,2,,,,NH,202529.3,335831.1,,,,,,,,C,2007,20140512,GOOD,PROFLN,Y,DD = SURVEY DISK,80 = SET IN A BOULDER,291 0030
,20260103,http://www.ngs.noaa.gov/cgi-bin/ds_mark.prl?PidBox=DP4898,DP4898,291 0040,,,,NH,COOS,CARTER DOME (2018),44 19 39.66   (N),071 12 51.54   (W),44.3276833333,-71.2143166667,,NAD 83,(1986),,HD_HELD1,371.528,NAVD 88,,ADJUSTED,-26.613,GEOID18,371.457,980416.2,,,,,,,,2,2,,,,NH,203149.9,336079.8,,,,,,,,B,2007,20140512,GOOD,PROFLN,Y,DD = SURVEY DISK,38 = SET IN THE ABUTMENT OR PIER OF A LARGE BRIDGE,291 0040
,20260103,http://www.ngs.noaa.gov/cgi-bin/ds_mark.prl?PidBox=DP4899,DP4899,291 0050,,,,NH,COOS,CARTER DOME (2018),44 20 10.07   (N),071 12 34.64   (W),44.3361305556,-71.2096222222,,NAD 83,(1986),,HD_HELD1,357.310,NAVD 88,,ADJUSTED,-26.632,GEOID18,357.243,980420.9,,,,,,,,2,2,,,,NH,204090.5,336449.0,,,,,,,,B,2007,20140512,GOOD,PROFLN,Y,DD = SURVEY DISK,36 = SET IN A MASSIVE STRUCTURE,291 0050
,20260103,http://www.ngs.noaa.gov/cgi-bin/ds_mark.prl?PidBox=OD0156,OD0156,3,,,,NH,CHESHIRE,BELLOWS FALLS (2018),43 08 08.7    (N),072 26 25.1    (W),43.1357500000,-72.4403055556,,NAD 83,(1986),,HD_HELD2,91.072,NAVD 88,,ADJUSTED,-27.785,GEOID18,91.052,980397.5,,,,,,,,1,2,,,,NH,70913.,237058.,,,,,,,,B,UNK,2014,GOOD,VTGS,Y,DU = BOUNDARY MARKER,36 = SET IN A MASSIVE STRUCTURE,NO 3
,20260103,http://www.ngs.noaa.gov/cgi-bin/ds_mark.prl?PidBox=MY0408,MY0408,3 C OF M,,,,NH,HILLSBOROUGH,MANCHESTER SOUTH (2018),42 59 12.     (N),071 27 57.     (W),42.9866666667,-71.4658333333,,NAD 83,(1986),,SCALED,54.492,NAVD 88,,ADJUSTED,-27.459,GEOID18,54.480,980407.7,,,,,,,,2,0,,,,NH,54080.,316380.,,,,,,,,D,UNK,20040913,MARK NOT FOUND,USPSQD,,P = PIPE CAP,17 = SET INTO TOP OF METAL PIPE DRIVEN INTO GROUND,
,20260103,http://www.ngs.noaa.gov/cgi-bin/ds_mark.prl?PidBox=MY5423,MY5423,303 0270,,,,NH,HILLSBOROUGH,MILFORD (2018),42 50 01.93669(N),071 41 26.35871(W),42.8338713028,-71.6906551972,59.498,NAD 83,(2011),2010.00,ADJUSTED,87.1,NAVD 88,,GPS OBS,-27.647,GEOID18,,,0.91,1.76,0.42,0.31,0.90,0.00842356,,,,1471643.112,-4447404.379,4314026.540,NH,37087.554,298038.756,-0 00 58.7,0.99995738,19,4745878.641,280092.974,-1 49 48.1,1.00019498,A,1986,20220519,GOOD,GEOCAC,Y,DD = SURVEY DISK,66 = SET IN ROCK OUTCROP,303 0270
,20260103,http://www.ngs.noaa.gov/cgi-bin/ds_mark.prl?PidBox=OC2811,OC2811,307 0460,,,,NH,STRAFFORD,MILTON (2018),43 27 30.67012(N),070 59 38.81957(W),43.4585194778,-70.9941165472,142.798,NAD 83,(2011),2010.00,ADJUSTED,169.7,NAVD 88,,GPS OBS,-26.859,GEOID18,,,0.99,1.98,0.45,0.35,1.01,0.01918759,,,,1510164.157,-4384372.589,4364715.897,NH,106700.349,354429.098,+0 27 45.4,0.99998070,19,4813666.048,338674.858,-1 22 18.9,0.99992014,A,1989,20050528,GOOD,GEOCAC,Y,DD = SURVEY DISK,66 = SET IN ROCK OUTCROP,307 0460 307 0460
,20260103,http://www.ngs.noaa.gov/cgi-bin/ds_mark.prl?PidBox=OC0407,OC0407,31,,,,NH,ROCKINGHAM,PORTSMOUTH (2018),43 02 49.     (N),070 49 06.     (W),43.0469444444,-70.8183333333,,NAD 83,(1986),,SCALED,9.292,NAVD 88,,ADJUSTED,-26.740,GEOID18,9.291,980450.0,,,,,,,,2,0,,,,NH,61110.,369120.,,,,,,,,B,UNK,20221108,GOOD,NHDOT,Y,DB = BENCH MARK DISK,36 = SET IN A MASSIVE STRUCTURE,31
,20260103,http://www.ngs.noaa.gov/cgi-bin/ds_mark.prl?PidBox=MY5424,MY5424,315 0640,,,,NH,HILLSBOROUGH,NASHUA SOUTH (2018),42 44 05.75429(N),071 28 37.10934(W),42.7349317472,-71.4769748167,21.514,NAD 83,(1996),,ADJUSTED,49.0,NAVD 88,,VERTCON3,-27.663,GEOID18,,,,,,,,,1,,,1490581.972,-4448937.522,4305934.195,NH,26114.040,315533.464,+0 07 43.4,0.99996626,19,4734355.342,297235.082,-1 40 53.3,1.00010584,D,UNK,20160106,GOOD,INDIV,Y,DD = SURVEY DISK,9 = POST (STONE OR PRECAST CONCRETE),315 0640 311-2
,20260103,http://www.ngs.noaa.gov/cgi-bin/ds_mark.prl?PidBox=OD0072,OD0072,325.6,,,,NH,SULLIVAN,BELLOWS FALLS (2018),43 11 47.     (N),072 26 17.     (W),43.1963888889,-72.4380555556,,NAD 83,(1986),,SCALED,99.177,NAVD 88,,ADJUSTED,-27.748,GEOID18,99.155,980400.9,,,,,,,,1,2,,,,NH,77650.,237300.,,,,,,,,D,UNK,1934,GOOD,CGS,,Q = CHISELED SQUARE,30 = SET IN A LIGHT STRUCTURE,
,20260103,http://www.ngs.noaa.gov/cgi-bin/ds_mark.prl?PidBox=OC2812,OC2812,329 0220,,,,NH,BELKNAP,WINNISQUAM LAKE (2018),43 37 20.78294(N),071 36 09.93714(W),43.6224397056,-71.6027603167,153.009,NAD 83,(2011),2010.00,ADJUSTED,180.3,NAVD 88,,GPS OBS,-27.305,GEOID18,,,0.80,1.90,0.36,0.28,0.97,-0.18502372,,,,1459548.130,-4388269.393,4377924.945,NH,124694.068,305157.905,+0 02 38.7,0.99994300,19,4833231.255,290003.694,-1 47 46.7,1.00014245,A,1990,20200711,GOOD,WSRR,Y,DD = SURVEY DISK,66 = SET IN ROCK OUTCROP,329 0220
,20260103,http://www.ngs.noaa.gov/cgi-bin/ds_mark.prl?PidBox=OD0067,OD0067,333.4,,,,NH,CHESHIRE,BELLOWS FALLS (2018),43 09 27.     (N),072 26 46.     (W),43.1575000000,-72.4461111111,,NAD 83,(1986),,SCALED,101.534,NAVD 88,,ADJUSTED,-27.770,GEOID18,101.511,980395.3,,,,,,,,1,2,,,,NH,73330.,236610.,,,,,,,,A,UNK,1934,MARK NOT FOUND,CGS,,O = CHISELED CIRCLE,66 = SET IN ROCK OUTCROP,
,20260103,http://www.ngs.noaa.gov/cgi-bin/ds_mark.prl?PidBox=AJ5830,AJ5830,335 0480,,,,NH,MERRIMACK,NEW LONDON (2018),43 23 48.70765(N),071 57 50.16040(W),43.3968632361,-71.9639334444,309.004,NAD 83,(2011),2010.00,ADJUSTED,336.3,NAVD 88,,GPS OBS,-27.359,GEOID18,,,1.50,2.63,0.66,0.54,1.34,-0.28970618,,,,1437234.702,-4413897.645,4359855.162,NH,99673.692,275917.963,-0 12 15.3,0.99992535,19,4809154.785,259969.167,-2 02 14.4,1.00030877,A,1993,20111222,GOOD,GEOCAC,Y,DD = SURVEY DISK,66 = SET IN ROCK OUTCROP,335 0480
,20260103,http://www.ngs.noaa.gov/cgi-bin/ds_mark.prl?PidBox=MY2075,MY2075,34,,,,NH,ROCKINGHAM,HAMPTON (2018),42 55 53.     (N),070 49 38.     (W),42.9313888889,-70.8272222222,,NAD 83,(1986),,SCALED,10.228,NAVD 88,,ADJUSTED,-26.830,GEOID18,10.227,980437.9,,,,,,,,2,0,,,,NH,48260.,368520.,,,,,,,,D,UNK,20050730,MARK NOT FOUND,GEOCAC,,N = NAIL,33 = WOODEN OBJECT (DRIVEN IN A PILE POLE TREE OR STUMP),
,20260103,http://www.ngs.noaa.gov/cgi-bin/ds_mark.prl?PidBox=OC0825,OC0825,349,,,,NH,MERRIMACK,CONCORD (2018),43 14 35.     (N),071 34 20.     (W),43.2430555556,-71.5722222222,,NAD 83,(1986),,SCALED,106.155,NAVD 88,,ADJUSTED,-27.458,GEOID18,106.133,980411.5,,,,,,,,2,0,,,,NH,82550.,307670.,,,,,,,,C,1904,20051008,GOOD,USPSQD,N,DB = BENCH MARK DISK,32 = SET IN A RETAINING WALL OR CONCRETE LEDGE,CONCORD 349
,20260103,http://www.ngs.noaa.gov/cgi-bin/ds_mark.prl?PidBox=OC2785,OC2785,349 0170,,,,NH,ROCKINGHAM,NORTHWOOD (2018),43 13 20.18091(N),071 14 45.48511(W),43.2222724750,-71.2459680861,155.276,NAD 83,(1996),,ADJUSTED,182.5,NAVD 88,,VERTCON3,-27.094,GEOID18,,,,,,,,,1,,,1496672.193,-4408034.980,4345634.950,NH,80320.532,334179.138,+0 17 17.2,0.99995668,19,4787947.268,317593.128,-1 32 18.7,1.00000931,D,UNK,20060118,GOOD,NGS,Y,DD = SURVEY DISK,9 = POST (STONE OR PRECAST CONCRETE),349 0170 GPS
,20260103,http://www.ngs.noaa.gov/cgi-bin/ds_mark.prl?PidBox=OC2786,OC2786,349 0190,,,,NH,ROCKINGHAM,NORTHWOOD (2018),43 11 40.35004(N),071 09 04.78553(W),43.1945416778,-71.1513293139,144.521,NAD 83,(1996),,ADJUSTED,171.6,NAVD 88,,VERTCON3,-27.050,GEOID18,,,,,,,,,1,,,1504630.085,-4407545.630,4343382.035,NH,77282.837,341886.932,+0 21 09.9,0.99996558,19,4784665.466,325200.266,-1 28 22.5,0.99997588,D,UNK,19960118,GOOD,NGS,Y,DD = SURVEY DISK,9 = POST (STONE OR PRECAST CONCRETE),349 0190 GPS
,20260103,http://www.ngs.noaa.gov/cgi-bin/ds_mark.prl?PidBox=OC0829,OC0829,365,,,,NH,MERRIMACK,WEBSTER (2018),43 15 01.     (N),071 38 58.     (W),43.2502777778,-71.6494444444,,NAD 83,(1986),,SCALED,108.326,NAVD 88,,ADJUSTED,-27.473,GEOID18,108.304,980416.4,,,,,,,,2,0,,,,NH,83350.,301400.,,,,,,,,B,1904,1933,GOOD,CGS,,DB = BENCH MARK DISK,36 = SET IN A MASSIVE STRUCTURE,CONCORD 365
,20260103,http://www.ngs.noaa.gov/cgi-bin/ds_mark.prl?PidBox=QH0733,QH0733,369 0810,,,,NH,COOS,SECOND CONNECTICUT LAKE (2018),45 12 23.77290(N),071 11 55.43155(W),45.2066035833,-71.1987309861,605.518,NAD 83,(2011),2010.00,ADJUSTED,631.6,NAVD 88,,GPS OBS,-26.016,GEOID18,,,0.96,1.71,0.44,0.33,0.87,0.13205445,,,,1450854.830,-4261548.669,4503984.433,NH,300825.574,336761.184,+0 19 55.5,0.99988836,19,5008253.585,327330.526,-1 33 38.6,0.99996660,A,1992,20200418,GOOD,GEOMTX,Y,DD = SURVEY DISK,66 = SET IN ROCK OUTCROP,369 0810
,20260103,http://www.ngs.noaa.gov/cgi-bin/ds_mark.prl?PidBox=OC2787,OC2787,379 0070,,,,NH,ROCKINGHAM,PORTSMOUTH (2018),43 04 12.48105(N),070 47 17.64680(W),43.0701336250,-70.7882352222,-11.748,NAD 83,(1996),,ADJUSTED,15.2,NAVD 88,,VERTCON3,-26.689,GEOID18,,,,,,,,,1,,,1535603.033,-4406737.550,4333188.741,NH,63707.750,371544.438,+0 35 59.6,1.00003145,19,4770154.862,354408.149,-1 13 17.0,0.99986076,D,UNK,20060118,GOOD,NGS,Y,DD = SURVEY DISK,9 = POST (STONE OR PRECAST CONCRETE),R 42 379 0070
,20260103,http://www.ngs.noaa.gov/cgi-bin/ds_mark.prl?PidBox=OC2788,OC2788,383 0240,,,,NH,ROCKINGHAM,MOUNT PAWTUCKAWAY (2018),43 01 43.53252(N),071 10 20.71970(W),43.0287590333,-71.1724221389,44.062,NAD 83,(1996),,ADJUSTED,71.1,NAVD 88,,VERTCON3,-27.148,GEOID18,,,,,,,,,1,,,1507045.878,-4419943.527,4329867.901,NH,58855.457,340281.069,+0 20 14.1,0.99997971,19,4766298.617,323009.070,-1 28 58.0,0.99998538,A,UNK,20060118,GOOD,NGS,Y,DD = SURVEY DISK,66 = SET IN ROCK OUTCROP,383 0240
,20260103,http://www.ngs.noaa.gov/cgi-bin/ds_mark.prl?PidBox=MY6362,MY6362,387 0190,,,,NH,CHESHIRE,ASHBURNHAM (2018),42 43 56.42913(N),071 57 40.29178(W),42.7323414250,-71.9611921611,335.229,NAD 83,(2011),2010.00,ADJUSTED,362.8,NAVD 88,,GPS OBS,-27.603,GEOID18,,,0.76,1.49,0.35,0.26,0.76,0.01113920,,,,1453062.209,-4461780.458,4305935.714,NH,25850.914,275880.922,-0 11 59.5,0.99992125,19,4735345.258,257584.397,-2 00 37.3,1.00032304,A,1989,20000513,GOOD,NGS,Y,DD = SURVEY DISK,66 = SET IN ROCK OUTCROP,387 0190
,20260103,http://www.ngs.noaa.gov/cgi-bin/ds_mark.prl?PidBox=MZ2903,MZ2903,393 0030,,,,NH,CHESHIRE,MARLBOROUGH (2018),42 57 42.39718(N),072 12 47.65423(W),42.9617769944,-72.2132372861,,NAD 83,(1996),,ADJUSTED,482.3,NAVD 88,,VERTCON3,-27.488,GEOID18,,,,,,,,,2,,,,,,NH,51440.901,255405.924,-0 22 21.0,0.99991980,18,4760338.826,727291.695,+1 54 00.1,1.00023559,A,1982,1982,MONUMENTED,NHDPWH,,DH = HORIZONTAL CONTROL DISK,66 = SET IN ROCK OUTCROP,
,20260103,http://www.ngs.noaa.gov/cgi-bin/ds_mark.prl?PidBox=MZ2904,MZ2904,393 0040,,,,NH,CHESHIRE,MARLBOROUGH (2018),42 58 54.80905(N),072 12 13.17268(W),42.9818914028,-72.2036590778,,NAD 83,(1996),,ADJUSTED,285.2,NAVD 88,,VERTCON3,-27.435,GEOID18,,,,,,,,,2,,,,,,NH,53670.351,256201.676,-0 21 58.0,0.99994983,18,4762598.640,727998.576,+1 54 26.2,1.00023955,D,1982,1982,MONUMENTED,NHDPWH,,DH = HORIZONTAL CONTROL DISK,2 = IMBEDDED OR DRIVEN IN THE GROUND,
,20260103,http://www.ngs.noaa.gov/cgi-bin/ds_mark.prl?PidBox=MZ2905,MZ2905,393 0050,,,,NH,CHESHIRE,MARLBOROUGH (2018),42 59 07.04391(N),072 12 06.10585(W),42.9852899750,-72.2016960694,,NAD 83,(1996),,ADJUSTED,291.8,NAVD 88,,VERTCON3,-27.425,GEOID18,,,,,,,,,2,,,,,,NH,54046.874,256364.188,-0 21 53.3,0.99994862,18,4762981.409,728146.060,+1 54 31.4,1.00024038,C,1982,1982,MONUMENTED,NHDPWH,,DH = HORIZONTAL CONTROL DISK,80 = SET IN A BOULDER,
,20260103,http://www.ngs.noaa.gov/cgi-bin/ds_mark.prl?PidBox=OC0570,OC0570,406,,,,NH,CARROLL,KEZAR FALLS (2018),43 47 35.     (N),070 59 32.     (W),43.7930555556,-70.9922222222,,NAD 83,(1986),,SCALED,123.612,NAVD 88,,ADJUSTED,-27.196,GEOID18,123.591,980449.5,,,,,,,,1,2,,,,NH,143870.,354280.,,,,,,,,A,1906,20050529,MARK NOT FOUND,GEOCAC,,DB = BENCH MARK DISK,66 = SET IN ROCK OUTCROP,406
,20260103,http://www.ngs.noaa.gov/cgi-bin/ds_mark.prl?PidBox=PF0794,PF0794,413 NHDPW,,,,NH,COOS,SHELBURNE (2018),44 24 03.00   (N),071 06 35.04   (W),44.4008333333,-71.1097333333,,NAD 83,(1986),,HD_HELD1,237.808,NAVD 88,,ADJUSTED,-26.700,GEOID18,237.773,980463.1,,,,,,,,1,2,,,,NH,211329.3,344366.2,,,,,,,,B,UNK,1978,GOOD,NGS,,DD = SURVEY DISK,36 = SET IN A MASSIVE STRUCTURE,413 0010
,20260103,http://www.ngs.noaa.gov/cgi-bin/ds_mark.prl?PidBox=OC0747,OC0747,418,,,,NH,ROCKINGHAM,CANDIA (2018),43 01 56.4    (N),071 20 15.9    (W),43.0323333333,-71.3377500000,,NAD 83,(1986),,HD_HELD2,126.869,NAVD 88,,ADJUSTED,-27.297,GEOID18,126.842,980402.9,,,,,,,,2,0,,,,NH,59186.,326805.,,,,,,,,C,UNK,20051003,GOOD,USPSQD,Y,DB = BENCH MARK DISK,80 = SET IN A BOULDER,418
,20260103,http://www.ngs.noaa.gov/cgi-bin/ds_mark.prl?PidBox=OC0874,OC0874,421,,,,NH,MERRIMACK,HENNIKER (2018),43 14 46.     (N),071 45 03.     (W),43.2461111111,-71.7508333333,,NAD 83,(1986),,SCALED,128.345,NAVD 88,,ADJUSTED,-27.454,GEOID18,128.319,980409.1,,,,,,,,2,0,,,,NH,82890.,293170.,,,,,,,,C,1904,1984,GOOD,USPSQD,,DB = BENCH MARK DISK,80 = SET IN A BOULDER,421 CONCORD
,20260103,http://www.ngs.noaa.gov/cgi-bin/ds_mark.prl?PidBox=OD1783,OD1783,425 0160,,,,NH,CHESHIRE,MARLOW (2018),43 05 38.27128(N),072 08 06.03503(W),43.0939642444,-72.1350097306,,NAD 83,(1996),,ADJUSTED,658.5,NAVD 88,,VERTCON3,-27.213,GEOID18,,,,,,,,,2,,,,,,NH,66087.035,261870.340,-0 19 11.9,0.99988556,18,4775234.002,733171.086,+1 57 29.6,1.00026888,A,1982,1982,MONUMENTED,NHDPWH,,DS = TRIANGULATION STATION DISK,66 = SET IN ROCK OUTCROP,425 0160
,20260103,http://www.ngs.noaa.gov/cgi-bin/ds_mark.prl?PidBox=OC0846,OC0846,429.5,,,,NH,MERRIMACK,HENNIKER (2018),43 10 10.     (N),071 50 38.     (W),43.1694444444,-71.8438888889,,NAD 83,(1986),,SCALED,130.609,NAVD 88,,ADJUSTED,-27.429,GEOID18,130.581,980405.2,,,,,,,,2,0,,,,NH,74380.,285590.,,,,,,,,B,UNK,20040910,MARK NOT FOUND,USPSQD,,Q = CHISELED SQUARE,36 = SET IN A MASSIVE STRUCTURE,
,20260103,http://www.ngs.noaa.gov/cgi-bin/ds_mark.prl?PidBox=OC0595,OC0595,435,,,,NH,CARROLL,FREEDOM (2018),43 47 35.     (N),071 03 33.     (W),43.7930555556,-71.0591666667,,NAD 83,(1986),,SCALED,132.409,NAVD 88,,ADJUSTED,-27.257,GEOID18,132.385,980433.8,,,,,,,,1,2,,,,NH,143830.,348890.,,,,,,,,C,UNK,20050624,POOR,GEOCAC,,DD = SURVEY DISK,80 = SET IN A BOULDER,NH 435
,20260103,http://www.ngs.noaa.gov/cgi-bin/ds_mark.prl?PidBox=OC0877,OC0877,445,,,,NH,MERRIMACK,WARNER (2018),43 16 49.     (N),071 48 54.     (W),43.2802777778,-71.8150000000,,NAD 83,(1986),,SCALED,135.699,NAVD 88,,ADJUSTED,-27.398,GEOID18,135.672,980417.1,,,,,,,,2,0,,,,NH,86690.,287960.,,,,,,,,B,1904,20220422,GOOD,NHDOT,N,DB = BENCH MARK DISK,36 = SET IN A MASSIVE STRUCTURE,445 CONCORD
,20260103,http://www.ngs.noaa.gov/cgi-bin/ds_mark.prl?PidBox=MY5425,MY5425,445 0110,,,,NH,HILLSBOROUGH,GREENVILLE (2018),42 50 10.24218(N),071 49 21.56013(W),42.8361783833,-71.8226555917,232.375,NAD 83,(1996),,ADJUSTED,259.8,NAVD 88,,VERTCON3,-27.546,GEOID18,,,,,,,,,1,,,1461378.289,-4450737.894,4314332.025,NH,37355.362,287247.197,-0 06 21.8,0.99993223,19,4746488.045,269312.526,-1 55 11.9,1.00025475,A,UNK,20060118,GOOD,NGS,Y,DD = SURVEY DISK,66 = SET IN ROCK OUTCROP,445 0110
,20260103,http://www.ngs.noaa.gov/cgi-bin/ds_mark.prl?PidBox=OC0793,OC0793,445.8,,,,NH,MERRIMACK,FRANKLIN (2018),43 27 38.     (N),071 40 58.     (W),43.4605555556,-71.6827777778,,NAD 83,(1986),,SCALED,135.565,NAVD 88,,ADJUSTED,-27.301,GEOID18,135.540,980431.5,,,,,,,,1,2,,,,NH,106710.,298700.,,,,,,,,B,UNK,1990,GOOD,USPSQD,,Q = CHISELED SQUARE,36 = SET IN A MASSIVE STRUCTURE,
,20260103,http://www.ngs.noaa.gov/cgi-bin/ds_mark.prl?PidBox=OC0590,OC0590,452,,,,NH,CARROLL,FREEDOM (2018),43 48 40.     (N),071 02 07.     (W),43.8111111111,-71.0352777778,,NAD 83,(1986),,SCALED,137.545,NAVD 88,,ADJUSTED,-27.235,GEOID18,137.521,980445.9,,,,,,,,1,2,,,,NH,145850.,350800.,,,,,,,,A,1906,1990,GOOD,USPSQD,,DB = BENCH MARK DISK,66 = SET IN ROCK OUTCROP,NH 452
,20260103,http://www.ngs.noaa.gov/cgi-bin/ds_mark.prl?PidBox=OD1787,OD1787,461 0250,,,,NH,CHESHIRE,WALPOLE (2018),43 02 07.97045(N),072 26 18.86986(W),43.0355473472,-72.4385749611,102.657,NAD 83,(2011),2010.00,ADJUSTED,130.5,NAVD 88,,GPS OBS,-27.861,GEOID18,,,1.08,1.71,0.50,0.36,0.87,-0.03480700,,,,1408869.227,-4451715.323,4330459.145,NH,59780.201,237096.110,-0 31 36.5,0.99999923,18,4767946.443,708662.013,+1 44 55.2,1.00013565,A,1989,2000,GOOD,NGS,Y,DD = SURVEY DISK,66 = SET IN ROCK OUTCROP,461 0250
,20260103,http://www.ngs.noaa.gov/cgi-bin/ds_mark.prl?PidBox=PF0937,PF0937,469,,,,NH,CARROLL,NORTH CONWAY EAST (2018),44 06 21.03449(N),071 05 39.06103(W),44.1058429139,-71.0941836194,,NAD 83,(1996),,ADJUSTED,996.,NAVD 88,,SCALED,-27.139,GEOID18,,,,,,,,,2,,,,,,NH,178560.393,345833.477,+0 23 54.4,0.99984061,19,4885760.949,332398.234,-1 27 28.3,0.99994549,A,1934,1988,POOR,USPSQD,,DD = SURVEY DISK,66 = SET IN ROCK OUTCROP,469 1934
,20260103,http://www.ngs.noaa.gov/cgi-bin/ds_mark.prl?PidBox=OC0918,OC0918,480 RESET,,,,NH,GRAFTON,PLYMOUTH (2018),43 46 51.     (N),071 44 29.     (W),43.7808333333,-71.7413888889,,NAD 83,(1986),,SCALED,146.160,NAVD 88,,ADJUSTED,-27.302,GEOID18,146.132,980429.5,,,,,,,,1,2,,,,NH,142290.,293990.,,,,,,,,C,1931,1972,GOOD,NGS,,DD = SURVEY DISK,32 = SET IN A RETAINING WALL OR CONCRETE LEDGE,480 RESET
,20260103,http://www.ngs.noaa.gov/cgi-bin/ds_mark.prl?PidBox=OC0902,OC0902,486,,,,NH,GRAFTON,ASHLAND (2018),43 43 04.     (N),071 39 42.     (W),43.7177777778,-71.6616666667,,NAD 83,(1986),,SCALED,147.984,NAVD 88,,ADJUSTED,-27.297,GEOID18,147.957,980434.3,,,,,,,,1,2,,,,NH,135280.,300400.,,,,,,,,C,1906,1955,GOOD,CGS,,DB = BENCH MARK DISK,80 = SET IN A BOULDER,486
,20260103,http://www.ngs.noaa.gov/cgi-bin/ds_mark.prl?PidBox=MY5426,MY5426,489 0270,,,,NH,ROCKINGHAM,WINDHAM (2018),42 48 43.88992(N),071 16 34.54589(W),42.8121916444,-71.2762627472,66.491,NAD 83,(1996),,ADJUSTED,93.7,NAVD 88,,VERTCON3,-27.392,GEOID18,,,,,,,,,1,,,1504297.407,-4438199.772,4312264.835,NH,34752.906,331929.652,+0 15 55.2,0.99996877,19,4742472.342,313897.680,-1 32 50.6,1.00002610,A,UNK,20060118,GOOD,NGS,Y,DD = SURVEY DISK,66 = SET IN ROCK OUTCROP,489-0270
,20260103,http://www.ngs.noaa.gov/cgi-bin/ds_mark.prl?PidBox=OC0398,OC0398,49,,,,NH,ROCKINGHAM,NEWMARKET (2018),43 03 01.     (N),070 55 55.     (W),43.0502777778,-70.9319444444,,NAD 83,(1986),,SCALED,14.731,NAVD 88,,ADJUSTED,-26.866,GEOID18,14.728,980448.9,,,,,,,,2,0,,,,NH,61390.,359860.,,,,,,,,A,1903,20050917,GOOD,GEOCAC,N,DB = BENCH MARK DISK,66 = SET IN ROCK OUTCROP,49 CONCORD
,20260103,http://www.ngs.noaa.gov/cgi-bin/ds_mark.prl?PidBox=OC0724,OC0724,491,,,,NH,STRAFFORD,FARMINGTON (2018),43 24 20.     (N),071 07 20.     (W),43.4055555556,-71.1222222222,,NAD 83,(1986),,SCALED,149.451,NAVD 88,,ADJUSTED,-26.959,GEOID18,149.422,980428.3,,,,,,,,1,2,,,,NH,100740.,344100.,,,,,,,,A,UNK,1990,MARK NOT FOUND,USPSQD,,DD = SURVEY DISK,66 = SET IN ROCK OUTCROP,491
,20260103,http://www.ngs.noaa.gov/cgi-bin/ds_mark.prl?PidBox=OC0848,OC0848,496.8,,,,NH,MERRIMACK,HENNIKER (2018),43 08 46.     (N),071 51 54.     (W),43.1461111111,-71.8650000000,,NAD 83,(1986),,SCALED,165.110,NAVD 88,,ADJUSTED,-27.408,GEOID18,165.073,980392.4,,,,,,,,2,0,,,,NH,71790.,283870.,,,,,,,,C,UNK,20220830,MARK NOT FOUND,NHDOT,,Z = SEE DESCRIPTION,80 = SET IN A BOULDER,
,20260103,http://www.ngs.noaa.gov/cgi-bin/ds_mark.prl?PidBox=OC0808,OC0808,499 RESET,,,,NH,BELKNAP,WINNISQUAM LAKE (2018),43 30 08.     (N),071 30 28.     (W),43.5022222222,-71.5077777778,,NAD 83,(1986),,SCALED,151.900,NAVD 88,,ADJUSTED,-27.266,GEOID18,151.871,980423.6,,,,,,,,1,2,,,,NH,111350.,312850.,,,,,,,,C,1933,20220728,MARK NOT FOUND,NHDOT,,DD = SURVEY DISK,80 = SET IN A BOULDER,499 1925 RESET
,20260103,http://www.ngs.noaa.gov/cgi-bin/ds_mark.prl?PidBox=OC0639,OC0639,503,,,,NH,BELKNAP,LACONIA (2018),43 31 50.     (N),071 28 18.     (W),43.5305555556,-71.4716666667,,NAD 83,(1986),,SCALED,153.198,NAVD 88,,ADJUSTED,-27.260,GEOID18,153.168,980425.3,,,,,,,,1,2,,,,NH,114500.,315760.,,,,,,,,D,1906,20040623,GOOD,USPSQD,N,DB = BENCH MARK DISK,31 = SET IN A PAVEMENT SUCH AS STREET SIDEWALK CURB ETC.,503
,20260103,http://www.ngs.noaa.gov/cgi-bin/ds_mark.prl?PidBox=OC0643,OC0643,506,,,,NH,BELKNAP,LACONIA (2018),43 33 05.     (N),071 27 37.     (W),43.5513888889,-71.4602777778,,NAD 83,(1986),,SCALED,154.282,NAVD 88,,ADJUSTED,-27.265,GEOID18,154.252,980423.5,,,,,,,,2,0,,,,NH,116820.,316680.,,,,,,,,C,1906,20040623,MARK NOT FOUND,USPSQD,,DB = BENCH MARK DISK,80 = SET IN A BOULDER,507
,20260103,http://www.ngs.noaa.gov/cgi-bin/ds_mark.prl?PidBox=OC0924,OC0924,511,,,,NH,GRAFTON,RUMNEY (2018),43 47 33.     (N),071 47 59.     (W),43.7925000000,-71.7997222222,,NAD 83,(1986),,SCALED,155.517,NAVD 88,,ADJUSTED,-27.281,GEOID18,155.487,980429.1,,,,,,,,1,2,,,,NH,143600.,289290.,,,,,,,,B,1906,1984,GOOD,USPSQD,,DB = BENCH MARK DISK,36 = SET IN A MASSIVE STRUCTURE,511
,20260103,http://www.ngs.noaa.gov/cgi-bin/ds_mark.prl?PidBox=OC0656,OC0656,518,,,,NH,BELKNAP,WEST ALTON (2018),43 31 04.     (N),071 16 02.     (W),43.5177777778,-71.2672222222,,NAD 83,(1986),,SCALED,157.769,NAVD 88,,ADJUSTED,-27.130,GEOID18,157.739,980425.6,,,,,,,,1,2,,,,NH,113140.,332300.,,,,,,,,C,1906,1989,MARK NOT FOUND,USPSQD,,DB = BENCH MARK DISK,80 = SET IN A BOULDER,518
,20260103,http://www.ngs.noaa.gov/cgi-bin/ds_mark.prl?PidBox=OC0929,OC0929,527,,,,NH,GRAFTON,RUMNEY (2018),43 47 43.     (N),071 50 22.     (W),43.7952777778,-71.8394444444,,NAD 83,(1986),,SCALED,160.492,NAVD 88,,ADJUSTED,-27.277,GEOID18,160.463,980432.9,,,,,,,,1,2,,,,NH,143910.,286100.,,,,,,,,B,1906,20200310,MARK NOT FOUND,NHDOT,,DB = BENCH MARK DISK,38 = SET IN THE ABUTMENT OR PIER OF A LARGE BRIDGE,527
,20260103,http://www.ngs.noaa.gov/cgi-bin/ds_mark.prl?PidBox=OC0403,OC0403,53,,,,NH,ROCKINGHAM,PORTSMOUTH (2018),43 03 06.     (N),070 52 04.     (W),43.0516666667,-70.8677777778,,NAD 83,(1986),,SCALED,15.838,NAVD 88,,ADJUSTED,-26.797,GEOID18,15.835,980449.3,,,,,,,,2,0,,,,NH,61590.,365090.,,,,,,,,C,UNK,20230329,MARK NOT FOUND,NHDOT,,DD = SURVEY DISK,80 = SET IN A BOULDER,53
,20260103,http://www.ngs.noaa.gov/cgi-bin/ds_mark.prl?PidBox=OC0723,OC0723,535,,,,NH,STRAFFORD,ALTON (2018),43 25 46.     (N),071 09 52.     (W),43.4294444444,-71.1644444444,,NAD 83,(1986),,SCALED,163.263,NAVD 88,,ADJUSTED,-27.001,GEOID18,163.231,980423.2,,,,,,,,1,2,,,,NH,103370.,340660.,,,,,,,,C,UNK,1990,MARK NOT FOUND,USPSQD,,DD = SURVEY DISK,7 = SET IN TOP OF CONCRETE MONUMENT,535
,20260103,http://www.ngs.noaa.gov/cgi-bin/ds_mark.prl?PidBox=OC0722,OC0722,536,,,,NH,STRAFFORD,ALTON (2018),43 25 51.     (N),071 09 59.     (W),43.4308333333,-71.1663888889,,NAD 83,(1986),,SCALED,162.950,NAVD 88,,ADJUSTED,-27.004,GEOID18,162.918,980423.7,,,,,,,,1,2,,,,NH,103530.,340510.,,,,,,,,D,UNK,1990,MARK NOT FOUND,USPSQD,,DD = SURVEY DISK,9 = POST (STONE OR PRECAST CONCRETE),536
,20260103,http://www.ngs.noaa.gov/cgi-bin/ds_mark.prl?PidBox=OC0936,OC0936,540,,,,NH,GRAFTON,WENTWORTH (2018),43 49 48.     (N),071 52 40.     (W),43.8300000000,-71.8777777778,,NAD 83,(1986),,SCALED,164.358,NAVD 88,,ADJUSTED,-27.288,GEOID18,164.329,980437.4,,,,,,,,1,2,,,,NH,147770.,283020.,,,,,,,,A,1906,1955,GOOD,CGS,,DB = BENCH MARK DISK,66 = SET IN ROCK OUTCROP,540
,20260103,http://www.ngs.noaa.gov/cgi-bin/ds_mark.prl?PidBox=OC0658,OC0658,543,,,,NH,BELKNAP,WEST ALTON (2018),43 30 06.     (N),071 15 39.     (W),43.5016666667,-71.2608333333,,NAD 83,(1986),,SCALED,165.284,NAVD 88,,ADJUSTED,-27.118,GEOID18,165.251,980419.2,,,,,,,,1,2,,,,NH,111350.,332820.,,,,,,,,C,UNK,1990,GOOD,USPSQD,,Z = SEE DESCRIPTION,80 = SET IN A BOULDER,
,20260103,http://www.ngs.noaa.gov/cgi-bin/ds_mark.prl?PidBox=OC0715,OC0715,548,,,,NH,BELKNAP,GILMANTON IRONWORKS (2018),43 29 36.     (N),071 15 19.     (W),43.4933333333,-71.2552777778,,NAD 83,(1986),,SCALED,166.809,NAVD 88,,ADJUSTED,-27.110,GEOID18,166.776,980420.1,,,,,,,,1,2,,,,NH,110430.,333270.,,,,,,,,C,UNK,1933,GOOD,CGS,,DD = SURVEY DISK,80 = SET IN A BOULDER,548
,20260103,http://www.ngs.noaa.gov/cgi-bin/ds_mark.prl?PidBox=OC0716,OC0716,548 RESET,,,,NH,BELKNAP,GILMANTON IRONWORKS (2018),43 29 36.     (N),071 15 19.     (W),43.4933333333,-71.2552777778,,NAD 83,(1986),,SCALED,166.55,NAVD 88,,RESET,-27.110,GEOID18,,,,,,,,,,3,,,,,NH,110430.,333270.,,,,,,,,C,1947,1947,MONUMENTED,NHHD,,DD = SURVEY DISK,80 = SET IN A BOULDER,RESET 1947
,20260103,http://www.ngs.noaa.gov/cgi-bin/ds_mark.prl?PidBox=OC0886,OC0886,549,,,,NH,BELKNAP,HOLDERNESS (2018),43 39 00.     (N),071 30 06.     (W),43.6500000000,-71.5016666667,,NAD 83,(1986),,SCALED,167.220,NAVD 88,,ADJUSTED,-27.335,GEOID18,167.188,980421.3,,,,,,,,2,0,,,,NH,127770.,313310.,,,,,,,,C,1906,20040718,MARK NOT FOUND,USPSQD,,DB = BENCH MARK DISK,80 = SET IN A BOULDER,549
,20260103,http://www.ngs.noaa.gov/cgi-bin/ds_mark.prl?PidBox=QH0031,QH0031,559 B,,,,NH,COOS,PITTSBURG (2018),45 04 29.     (N),071 29 46.     (W),45.0747222222,-71.4961111111,,NAD 83,(1986),,SCALED,341.947,NAVD 88,,ADJUSTED,-26.943,GEOID18,341.909,980497.0,,,,,,,,2,0,,,,NH,286080.,313430.,,,,,,,,B,UNK,1929,GOOD,CGS,,B = BOLT,36 = SET IN A MASSIVE STRUCTURE,
,20260103,http://www.ngs.noaa.gov/cgi-bin/ds_mark.prl?PidBox=OD0131,OD0131,560 RESET,,,,NH,SULLIVAN,CLAREMONT SOUTH (2018),43 22 20.6    (N),072 20 16.2    (W),43.3723888889,-72.3378333333,,NAD 83,(1986),,HD_HELD2,170.94,NAVD 88,,RESET,-27.682,GEOID18,,,,,,,,,,3,,,,,NH,97131.,245606.,,,,,,,,B,1948,20200712,GOOD,WSRR,N,DB = BENCH MARK DISK,36 = SET IN A MASSIVE STRUCTURE,ADJ USGS RWJ 560 1948
,20260103,http://www.ngs.noaa.gov/cgi-bin/ds_mark.prl?PidBox=OC0893,OC0893,562,,,,NH,BELKNAP,HOLDERNESS (2018),43 39 55.     (N),071 33 12.     (W),43.6652777778,-71.5533333333,,NAD 83,(1986),,SCALED,171.145,NAVD 88,,ADJUSTED,-27.319,GEOID18,171.111,980422.3,,,,,,,,1,2,,,,NH,129460.,309140.,,,,,,,,C,1906,1955,GOOD,CGS,,DB = BENCH MARK DISK,80 = SET IN A BOULDER,562
,20260103,http://www.ngs.noaa.gov/cgi-bin/ds_mark.prl?PidBox=PG0177,PG0177,565,,,,NH,GRAFTON,NEWBURY (2018),44 02 49.     (N),072 03 16.     (W),44.0469444444,-72.0544444444,,NAD 83,(1986),,SCALED,171.998,NAVD 88,,ADJUSTED,-27.557,GEOID18,171.971,980460.2,,,,,,,,1,2,,,,NH,171930.,268920.,,,,,,,,A,1906,1955,GOOD,CGS,,DB = BENCH MARK DISK,66 = SET IN ROCK OUTCROP,565
,20260103,http://www.ngs.noaa.gov/cgi-bin/ds_mark.prl?PidBox=OC0677,OC0677,567,,,,NH,BELKNAP,CENTER HARBOR (2018),43 42 32.     (N),071 27 46.     (W),43.7088888889,-71.4627777778,,NAD 83,(1986),,SCALED,172.818,NAVD 88,,ADJUSTED,-27.302,GEOID18,172.785,980427.0,,,,,,,,2,0,,,,NH,134320.,316430.,,,,,,,,C,1906,20240205,GOOD,NHDOT,Y,DB = BENCH MARK DISK,80 = SET IN A BOULDER,567
,20260103,http://www.ngs.noaa.gov/cgi-bin/ds_mark.prl?PidBox=OC0942,OC0942,574,,,,NH,GRAFTON,WENTWORTH (2018),43 51 18.     (N),071 54 10.     (W),43.8550000000,-71.9027777778,,NAD 83,(1986),,SCALED,174.817,NAVD 88,,ADJUSTED,-27.304,GEOID18,174.785,980436.5,,,,,,,,1,2,,,,NH,150560.,281020.,,,,,,,,A,1906,1955,GOOD,CGS,,DB = BENCH MARK DISK,66 = SET IN ROCK OUTCROP,574
,20260103,http://www.ngs.noaa.gov/cgi-bin/ds_mark.prl?PidBox=OC0898,OC0898,597,,,,NH,BELKNAP,HOLDERNESS (2018),43 41 10.     (N),071 37 17.     (W),43.6861111111,-71.6213888889,,NAD 83,(1986),,SCALED,181.860,NAVD 88,,ADJUSTED,-27.296,GEOID18,181.825,980421.9,,,,,,,,1,2,,,,NH,131770.,303650.,,,,,,,,A,1906,1955,GOOD,CGS,,DB = BENCH MARK DISK,66 = SET IN ROCK OUTCROP,597
,20260103,http://www.ngs.noaa.gov/cgi-bin/ds_mark.prl?PidBox=OC0683,OC0683,597,,,,NH,CARROLL,CENTER SANDWICH (2018),43 45 21.49   (N),071 23 37.84   (W),43.7559694444,-71.3938444444,,NAD 83,(1986),,HD_HELD1,181.939,NAVD 88,,ADJUSTED,-27.233,GEOID18,181.907,980441.0,,,,,,,,2,0,,,,NH,139563.7,321970.8,,,,,,,,C,1906,1990,GOOD,USPSQD,,DB = BENCH MARK DISK,7 = SET IN TOP OF CONCRETE MONUMENT,597
,20260103,http://www.ngs.noaa.gov/cgi-bin/ds_mark.prl?PidBox=OC0616,OC0616,598,,,,NH,CARROLL,TUFTONBORO (2018),43 42 11.     (N),071 07 37.     (W),43.7030555556,-71.1269444444,,NAD 83,(1986),,SCALED,182.015,NAVD 88,,ADJUSTED,-27.218,GEOID18,181.980,980421.9,,,,,,,,1,2,,,,NH,133790.,343500.,,,,,,,,C,1906,1955,GOOD,CGS,,DB = BENCH MARK DISK,80 = SET IN A BOULDER,NH 598
,20260103,http://www.ngs.noaa.gov/cgi-bin/ds_mark.prl?PidBox=OC0855,OC0855,599.2,,,,NH,HILLSBOROUGH,HILLSBORO (2018),43 03 53.     (N),071 54 20.     (W),43.0647222222,-71.9055555556,,NAD 83,(1986),,SCALED,182.444,NAVD 88,,ADJUSTED,-27.410,GEOID18,182.402,980385.3,,,,,,,,2,0,,,,NH,62760.,280540.,,,,,,,,C,UNK,20220825,MARK NOT FOUND,NHDOT,,Q = CHISELED SQUARE,32 = SET IN A RETAINING WALL OR CONCRETE LEDGE,
,20260103,http://www.ngs.noaa.gov/cgi-bin/ds_mark.prl?PidBox=OC0858,OC0858,604.8,,,,NH,HILLSBOROUGH,HILLSBORO (2018),43 02 22.     (N),071 55 15.     (W),43.0394444444,-71.9208333333,,NAD 83,(1986),,SCALED,184.422,NAVD 88,,ADJUSTED,-27.414,GEOID18,184.378,980381.9,,,,,,,,2,0,,,,NH,59960.,279290.,,,,,,,,D,UNK,20220824,MARK NOT FOUND,NHDOT,,Q = CHISELED SQUARE,30 = SET IN A LIGHT STRUCTURE,
,20260103,http://www.ngs.noaa.gov/cgi-bin/ds_mark.prl?PidBox=OC0784,OC0784,618.9,,,,NH,MERRIMACK,ANDOVER (2018),43 26 10.     (N),071 47 47.     (W),43.4361111111,-71.7963888889,,NAD 83,(1986),,SCALED,188.473,NAVD 88,,ADJUSTED,-27.299,GEOID18,188.434,980409.2,,,,,,,,1,2,,,,NH,104000.,289500.,,,,,,,,D,UNK,1933,GOOD,CGS,,Q = CHISELED SQUARE,30 = SET IN A LIGHT STRUCTURE,
,20260103,http://www.ngs.noaa.gov/cgi-bin/ds_mark.prl?PidBox=OC0789,OC0789,620.7,,,,NH,MERRIMACK,FRANKLIN (2018),43 28 17.5    (N),071 44 38.0    (W),43.4715277778,-71.7438888889,,NAD 83,(1986),,HD_HELD2,189.007,NAVD 88,,ADJUSTED,-27.270,GEOID18,188.969,980412.9,,,,,,,,1,2,,,,NH,107929.,293752.,,,,,,,,B,UNK,20111216,GOOD,GEOCAC,,Q = CHISELED SQUARE,36 = SET IN A MASSIVE STRUCTURE,
,20260103,http://www.ngs.noaa.gov/cgi-bin/ds_mark.prl?PidBox=OC0782,OC0782,626,,,,NH,MERRIMACK,ANDOVER (2018),43 26 05.     (N),071 50 08.     (W),43.4347222222,-71.8355555556,,NAD 83,(1986),,SCALED,190.619,NAVD 88,,ADJUSTED,-27.299,GEOID18,190.581,980415.9,,,,,,,,1,2,,,,NH,103850.,286330.,,,,,,,,B,UNK,20111216,MARK NOT FOUND,GEOCAC,,Q = CHISELED SQUARE,36 = SET IN A MASSIVE STRUCTURE,
,20260103,http://www.ngs.noaa.gov/cgi-bin/ds_mark.prl?PidBox=PF0503,PF0503,64 ATF,,,,NH,CARROLL,WILD RIVER (2018),44 15 13.1    (N),071 00 30.6    (W),44.2536388889,-71.0085000000,,NAD 83,(1986),,HD_HELD2,167.095,NAVD 88,,ADJUSTED,-26.942,GEOID18,167.068,980454.9,,,,,,,,2,0,,,,NH,195034.,352562.,,,,,,,,C,UNK,20230428,GOOD,NHDOT,Y,DU = BOUNDARY MARKER,65 = SET IN UNSPECIFIED ROCK OR BOULDER,NO 64 ATF
,20260103,http://www.ngs.noaa.gov/cgi-bin/ds_mark.prl?PidBox=OC0787,OC0787,652.0,,,,NH,MERRIMACK,FRANKLIN (2018),43 27 33.8    (N),071 44 52.9    (W),43.4593888889,-71.7480277778,,NAD 83,(1986),,HD_HELD2,198.561,NAVD 88,,ADJUSTED,-27.280,GEOID18,198.520,980410.6,,,,,,,,1,2,,,,NH,106580.,293416.,,,,,,,,B,UNK,20111216,GOOD,GEOCAC,Y,Q = CHISELED SQUARE,36 = SET IN A MASSIVE STRUCTURE,
,20260103,http://www.ngs.noaa.gov/cgi-bin/ds_mark.prl?PidBox=OC0626,OC0626,660,,,,NH,CARROLL,TUFTONBORO (2018),43 37 35.     (N),071 09 55.     (W),43.6263888889,-71.1652777778,,NAD 83,(1986),,SCALED,201.131,NAVD 88,,ADJUSTED,-27.161,GEOID18,201.092,980421.8,,,,,,,,1,2,,,,NH,125250.,340470.,,,,,,,,C,1906,1990,GOOD,USPSQD,,DB = BENCH MARK DISK,80 = SET IN A BOULDER,660
,20260103,http://www.ngs.noaa.gov/cgi-bin/ds_mark.prl?PidBox=OC0883,OC0883,684,,,,NH,MERRIMACK,BRADFORD (2018),43 16 12.     (N),071 57 31.     (W),43.2700000000,-71.9586111111,,NAD 83,(1986),,SCALED,208.543,NAVD 88,,ADJUSTED,-27.374,GEOID18,208.495,980385.3,,,,,,,,2,0,,,,NH,85580.,276300.,,,,,,,,C,1904,20220609,MARK NOT FOUND,NHDOT,,DB = BENCH MARK DISK,80 = SET IN A BOULDER,684 CONCORD
,20260103,http://www.ngs.noaa.gov/cgi-bin/ds_mark.prl?PidBox=OD0125,OD0125,687,,,,NH,SULLIVAN,NEWPORT (2018),43 21 50.14   (N),072 13 29.13   (W),43.3639277778,-72.2247583333,,NAD 83,(1986),,HD_HELD1,209.377,NAVD 88,,ADJUSTED,-27.559,GEOID18,209.331,980395.7,,,,,,,,2,0,,,,NH,96123.0,254763.6,,,,,,,,C,1904,1975,MARK NOT FOUND,LOCSUR,,DB = BENCH MARK DISK,80 = SET IN A BOULDER,687 CONCORD
,20260103,http://www.ngs.noaa.gov/cgi-bin/ds_mark.prl?PidBox=MY0839,MY0839,692,,,,NH,HILLSBOROUGH,PETERBOROUGH NORTH (2018),42 58 27.7    (N),071 56 29.6    (W),42.9743611111,-71.9415555556,,NAD 83,(1986),,HD_HELD2,210.509,NAVD 88,,ADJUSTED,-27.436,GEOID18,210.456,980365.8,,,,,,,,2,0,,,,NH,52731.,277577.,,,,,,,,C,1897,1942,GOOD,CGS,,B = BOLT,80 = SET IN A BOULDER,USGSBM 692P FT
,20260103,http://www.ngs.noaa.gov/cgi-bin/ds_mark.prl?PidBox=OC0306,OC0306,72,,,,NH,ROCKINGHAM,PORTSMOUTH (2018),43 05 05.     (N),070 48 44.     (W),43.0847222222,-70.8122222222,,NAD 83,(1986),,SCALED,27.828,NAVD 88,,ADJUSTED,-26.714,GEOID18,27.823,980453.7,,,,,,,,1,1,,,,NH,65310.,369570.,,,,,,,,D,UNK,1990,GOOD,USPSQD,,N = NAIL,31 = SET IN A PAVEMENT SUCH AS STREET SIDEWALK CURB ETC.,
,20260103,http://www.ngs.noaa.gov/cgi-bin/ds_mark.prl?PidBox=PG0171,PG0171,751,,,,NH,GRAFTON,NEWBURY (2018),44 01 57.     (N),072 00 11.     (W),44.0325000000,-72.0030555556,,NAD 83,(1986),,SCALED,229.443,NAVD 88,,ADJUSTED,-27.462,GEOID18,229.404,980442.5,,,,,,,,2,0,,,,NH,170310.,273040.,,,,,,,,C,1906,1906,GOOD,CGS,,DB = BENCH MARK DISK,32 = SET IN A RETAINING WALL OR CONCRETE LEDGE,751
,20260103,http://www.ngs.noaa.gov/cgi-bin/ds_mark.prl?PidBox=PG0172,PG0172,751 RESET,,,,NH,GRAFTON,NEWBURY (2018),44 01 57.     (N),072 00 11.     (W),44.0325000000,-72.0030555556,,NAD 83,(1986),,SCALED,229.452,NAVD 88,,ADJUSTED,-27.462,GEOID18,229.413,980442.5,,,,,,,,1,2,,,,NH,170310.,273040.,,,,,,,,D,UNK,1955,GOOD,CGS,,DD = SURVEY DISK,31 = SET IN A PAVEMENT SUCH AS STREET SIDEWALK CURB ETC.,751 RESET
,20260103,http://www.ngs.noaa.gov/cgi-bin/ds_mark.prl?PidBox=PF0450,PF0450,818.9,,,,NH,COOS,BERLIN (2018),44 24 56.     (N),071 11 39.     (W),44.4155555556,-71.1941666667,,NAD 83,(1986),,SCALED,249.372,NAVD 88,,ADJUSTED,-26.740,GEOID18,249.332,980451.5,,,,,,,,2,0,,,,NH,212920.,337630.,,,,,,,,C,UNK,1936,MARK NOT FOUND,CGS,,S = SPIKE,80 = SET IN A BOULDER,
,20260103,http://www.ngs.noaa.gov/cgi-bin/ds_mark.prl?PidBox=OC0978,OC0978,822.6,,,,NH,GRAFTON,GRAFTON (2018),43 33 38.     (N),071 54 43.     (W),43.5605555556,-71.9119444444,,NAD 83,(1986),,SCALED,250.340,NAVD 88,,ADJUSTED,-27.297,GEOID18,250.286,980397.7,,,,,,,,1,2,,,,NH,117850.,280180.,,,,,,,,B,1925,19940901,MARK NOT FOUND,USPSQD,,DD = SURVEY DISK,36 = SET IN A MASSIVE STRUCTURE,822.6 1925
,20260103,http://www.ngs.noaa.gov/cgi-bin/ds_mark.prl?PidBox=PF0529,PF0529,832,,,,NH,GRAFTON,EAST HAVERHILL (2018),44 00 50.     (N),071 57 11.     (W),44.0138888889,-71.9530555556,,NAD 83,(1986),,SCALED,253.414,NAVD 88,,ADJUSTED,-27.359,GEOID18,253.366,980422.9,,,,,,,,1,2,,,,NH,168220.,277040.,,,,,,,,C,1906,1955,GOOD,CGS,,DB = BENCH MARK DISK,80 = SET IN A BOULDER,832
,20260103,http://www.ngs.noaa.gov/cgi-bin/ds_mark.prl?PidBox=OC0314,OC0314,842 1897 TIDAL 1,,,,NH,STRAFFORD,PORTSMOUTH (2018),43 07 10.2    (N),070 49 41.5    (W),43.1195000000,-70.8281944444,,NAD 83,(1986),,HD_HELD2,3.291,NAVD 88,,ADJUSTED,-26.732,GEOID18,3.291,980454.6,,,,,,,,1,1,,,,NH,69159.,368235.,,,,,,,,C,1926,19950810,GOOD,USPSQD,,DB = BENCH MARK DISK,35 = SET IN A MAT FOUNDATION OR CONCRETE SLAB OTHER THAN PAVEMENT,1 1926
,20260103,http://www.ngs.noaa.gov/cgi-bin/ds_mark.prl?PidBox=OC0316,OC0316,842 1897 TIDAL 2,,,,NH,STRAFFORD,PORTSMOUTH (2018),43 07 09.     (N),070 49 41.     (W),43.1191666667,-70.8280555556,,NAD 83,(1986),,SCALED,1.996,NAVD 88,,ADJUSTED,-26.732,GEOID18,1.995,980454.6,,,,,,,,1,1,,,,NH,69120.,368250.,,,,,,,,D,UNK,1978,GOOD,DMA,,B = BOLT,30 = SET IN A LIGHT STRUCTURE,
,20260103,http://www.ngs.noaa.gov/cgi-bin/ds_mark.prl?PidBox=OC0315,OC0315,842 1897 TIDAL 3,,,,NH,STRAFFORD,PORTSMOUTH (2018),43 07 12.     (N),070 49 41.     (W),43.1200000000,-70.8280555556,,NAD 83,(1986),,SCALED,1.487,NAVD 88,,ADJUSTED,-26.732,GEOID18,1.487,980454.6,,,,,,,,1,1,,,,NH,69210.,368250.,,,,,,,,C,1926,19950810,GOOD,USPSQD,,DB = BENCH MARK DISK,80 = SET IN A BOULDER,3 1926
,20260103,http://www.ngs.noaa.gov/cgi-bin/ds_mark.prl?PidBox=OC0297,OC0297,842 3528 TIDAL 1,,,,NH,ROCKINGHAM,PORTSMOUTH (2018),43 05 28.     (N),070 46 03.     (W),43.0911111111,-70.7675000000,,NAD 83,(1986),,SCALED,8.136,NAVD 88,,ADJUSTED,-26.653,GEOID18,8.135,980457.0,,,,,,,,1,2,,,,NH,66060.,373210.,,,,,,,,B,1919,20170614,MARK NOT FOUND,PROFLN,,DB = BENCH MARK DISK,36 = SET IN A MASSIVE STRUCTURE,27.490 1 1919
,20260103,http://www.ngs.noaa.gov/cgi-bin/ds_mark.prl?PidBox=OC0298,OC0298,842 3528 TIDAL 2,,,,NH,ROCKINGHAM,PORTSMOUTH (2018),43 05 32.     (N),070 46 07.     (W),43.0922222222,-70.7686111111,,NAD 83,(1986),,SCALED,12.368,NAVD 88,,ADJUSTED,-26.654,GEOID18,12.366,980457.0,,,,,,,,1,2,,,,NH,66180.,373120.,,,,,,,,D,1919,20170614,MARK NOT FOUND,PROFLN,,DB = BENCH MARK DISK,31 = SET IN A PAVEMENT SUCH AS STREET SIDEWALK CURB ETC.,41.365 2 1919
,20260103,http://www.ngs.noaa.gov/cgi-bin/ds_mark.prl?PidBox=OC0296,OC0296,842 3528 TIDAL 7,,,,NH,ROCKINGHAM,PORTSMOUTH (2018),43 05 23.     (N),070 46 01.     (W),43.0897222222,-70.7669444444,,NAD 83,(1986),,SCALED,9.953,NAVD 88,,ADJUSTED,-26.653,GEOID18,9.951,980456.9,,,,,,,,1,1,,,,NH,65900.,373260.,,,,,,,,C,1953,20170614,MARK NOT FOUND,PROFLN,,DB = BENCH MARK DISK,34 = SET IN THE FOOTINGS OF SMALL/MEDIUM STRUCTURES,NO 7 1953
,20260103,http://www.ngs.noaa.gov/cgi-bin/ds_mark.prl?PidBox=OC0295,OC0295,842 3528 TIDAL 8,,,,NH,ROCKINGHAM,PORTSMOUTH (2018),43 05 23.     (N),070 46 01.     (W),43.0897222222,-70.7669444444,,NAD 83,(1986),,SCALED,14.169,NAVD 88,,ADJUSTED,-26.653,GEOID18,14.167,980456.9,,,,,,,,1,1,,,,NH,65900.,373260.,,,,,,,,D,UNK,20170614,MARK NOT FOUND,PROFLN,,N = NAIL,,8
,20260103,http://www.ngs.noaa.gov/cgi-bin/ds_mark.prl?PidBox=OC0427,OC0427,842 3898 TIDAL 2,,,,NH,ROCKINGHAM,KITTERY (2018),43 04 15.0    (N),070 42 40.3    (W),43.0708333333,-70.7111944444,,NAD 83,(1986),,HD_HELD2,5.160,NAVD 88,,ADJUSTED,-26.583,GEOID18,5.159,980461.2,,,,,,,,2,0,,,,NH,63854.,377818.,,,,,,,,C,1919,20050510,GOOD,GEOCAC,N,DB = BENCH MARK DISK,80 = SET IN A BOULDER,2 1919
,20260103,http://www.ngs.noaa.gov/cgi-bin/ds_mark.prl?PidBox=OC0951,OC0951,847,,,,NH,GRAFTON,WARREN (2018),43 56 14.     (N),071 54 18.     (W),43.9372222222,-71.9050000000,,NAD 83,(1986),,SCALED,258.062,NAVD 88,,ADJUSTED,-27.286,GEOID18,258.009,980407.8,,,,,,,,1,2,,,,NH,159690.,280870.,,,,,,,,A,1906,20050618,GOOD,GEOCAC,N,DB = BENCH MARK DISK,66 = SET IN ROCK OUTCROP,847
,20260103,http://www.ngs.noaa.gov/cgi-bin/ds_mark.prl?PidBox=OC0623,OC0623,852,,,,NH,CARROLL,TUFTONBORO (2018),43 39 39.     (N),071 08 58.     (W),43.6608333333,-71.1494444444,,NAD 83,(1986),,SCALED,259.718,NAVD 88,,ADJUSTED,-27.168,GEOID18,259.664,980406.5,,,,,,,,1,2,,,,NH,129090.,341720.,,,,,,,,C,1906,1955,GOOD,CGS,,DB = BENCH MARK DISK,80 = SET IN A BOULDER,852
,20260103,http://www.ngs.noaa.gov/cgi-bin/ds_mark.prl?PidBox=OD0049,OD0049,871.2,,,,NH,GRAFTON,CANAAN (2018),43 38 47.     (N),072 03 36.     (W),43.6463888889,-72.0600000000,,NAD 83,(1986),,SCALED,265.498,NAVD 88,,ADJUSTED,-27.460,GEOID18,265.442,980399.6,,,,,,,,1,2,,,,NH,127430.,268270.,,,,,,,,B,UNK,20220802,MARK NOT FOUND,NHDOT,,Q = CHISELED SQUARE,36 = SET IN A MASSIVE STRUCTURE,
,20260103,http://www.ngs.noaa.gov/cgi-bin/ds_mark.prl?PidBox=OD0118,OD0118,927,,,,NH,SULLIVAN,NEWPORT (2018),43 22 12.     (N),072 07 37.     (W),43.3700000000,-72.1269444444,,NAD 83,(1986),,SCALED,282.821,NAVD 88,,ADJUSTED,-27.451,GEOID18,282.754,980375.5,,,,,,,,2,0,,,,NH,96750.,262700.,,,,,,,,D,1904,20250828,GOOD,INDIV,Y,DB = BENCH MARK DISK,31 = SET IN A PAVEMENT SUCH AS STREET SIDEWALK CURB ETC.,927 CONCORD
,20260103,http://www.ngs.noaa.gov/cgi-bin/ds_mark.prl?PidBox=PF0388,PF0388,954.2 USGS,,,,NH,COOS,CARTER DOME (2018),44 21 47.     (N),071 10 41.     (W),44.3630555556,-71.1780555556,,NAD 83,(1986),,SCALED,285.202,NAVD 88,,ADJUSTED,-26.691,GEOID18,285.154,980441.2,,,,,,,,1,2,,,,NH,207100.,338950.,,,,,,,,C,1925,1978,SEE DESCRIPTION,NGS,,Q = CHISELED SQUARE,80 = SET IN A BOULDER,
,20260103,http://www.ngs.noaa.gov/cgi-bin/ds_mark.prl?PidBox=OC0334,OC0334,99,,,,NH,STRAFFORD,DOVER EAST (2018),43 13 23.     (N),070 51 06.     (W),43.2230555556,-70.8516666667,,NAD 83,(1986),,SCALED,29.810,NAVD 88,,ADJUSTED,-26.788,GEOID18,29.805,980445.2,,,,,,,,1,2,,,,NH,80640.,366210.,,,,,,,,B,UNK,20020929,GOOD,INDIV,N,DD = SURVEY DISK,36 = SET IN A MASSIVE STRUCTURE,99
,20260103,http://www.ngs.noaa.gov/cgi-bin/ds_mark.prl?PidBox=OC2498,OC2498,A,,,,NH,ROCKINGHAM,NEWMARKET (2018),43 01 05.88566(N),070 56 19.93387(W),43.0183015722,-70.9388705194,,NAD 83,(1996),,ADJUSTED,12.,NAVD 88,,SCALED,-26.902,GEOID18,,,,,,,,,3,,,,,,NH,57832.255,359325.721,+0 29 47.5,1.00001232,19,4764671.231,342010.635,-1 19 22.9,0.99990707,D,1908,1943,MARK NOT FOUND,CGS,,Z = SEE DESCRIPTION,0 = UNSPECIFIED SETTING,
,20260103,http://www.ngs.noaa.gov/cgi-bin/ds_mark.prl?PidBox=PF0522,PF0522,A 1,,,,NH,COOS,GILMAN (2018),44 25 36.82   (N),071 40 33.08   (W),44.4268944444,-71.6758555556,,NAD 83,(1986),,HD_HELD1,258.298,NAVD 88,,ADJUSTED,-27.272,GEOID18,258.256,980450.6,,,,,,,,1,2,,,,NH,214074.3,299268.3,,,,,,,,B,1922,20131213,GOOD,VTGS,Y,DB = BENCH MARK DISK,38 = SET IN THE ABUTMENT OR PIER OF A LARGE BRIDGE,ELEV 847.797 FT A 1 1922
,20260103,http://www.ngs.noaa.gov/cgi-bin/ds_mark.prl?PidBox=MY0421,MY0421,A 10,,,,NH,HILLSBOROUGH,NASHUA NORTH (2018),42 51 41.5    (N),071 29 15.2    (W),42.8615277778,-71.4875555556,,NAD 83,(1986),,HD_HELD2,35.303,NAVD 88,,ADJUSTED,-27.541,GEOID18,35.295,980410.1,,,,,,,,2,0,,,,NH,40175.,314637.,,,,,,,,B,1933,20060331,GOOD,USPSQD,N,DB = BENCH MARK DISK,36 = SET IN A MASSIVE STRUCTURE,A 10 1933
,20260103,http://www.ngs.noaa.gov/cgi-bin/ds_mark.prl?PidBox=OC0854,OC0854,A 11,,,,NH,HILLSBOROUGH,HILLSBORO (2018),43 04 57.     (N),071 54 30.     (W),43.0825000000,-71.9083333333,,NAD 83,(1986),,SCALED,182.941,NAVD 88,,ADJUSTED,-27.403,GEOID18,182.899,980387.3,,,,,,,,2,0,,,,NH,64740.,280320.,,,,,,,,C,1933,20220824,MARK NOT FOUND,NHDOT,,DB = BENCH MARK DISK,80 = SET IN A BOULDER,A 11 1933
,20260103,http://www.ngs.noaa.gov/cgi-bin/ds_mark.prl?PidBox=PF0326,PF0326,A 13,,,,NH,COOS,ERROL (2018),44 46 13.     (N),071 08 06.     (W),44.7702777778,-71.1350000000,,NAD 83,(1986),,SCALED,374.589,NAVD 88,,ADJUSTED,-26.457,GEOID18,374.538,980469.3,,,,,,,,2,0,,,,NH,252370.,342090.,,,,,,,,C,1935,20230412,MARK NOT FOUND,NHDOT,,DB = BENCH MARK DISK,7 = SET IN TOP OF CONCRETE MONUMENT,A 13 1935
,20260103,http://www.ngs.noaa.gov/cgi-bin/ds_mark.prl?PidBox=PF0543,PF0543,A 14,,,,NH,COOS,TWIN MOUNTAIN (2018),44 22 20.     (N),071 36 57.     (W),44.3722222222,-71.6158333333,,NAD 83,(1986),,SCALED,287.632,NAVD 88,,ADJUSTED,-27.237,GEOID18,287.583,980440.3,,,,,,,,2,0,,,,NH,208000.,304050.,,,,,,,,C,1935,1978,MARK NOT FOUND,NGS,,DB = BENCH MARK DISK,7 = SET IN TOP OF CONCRETE MONUMENT,A 14 1935
,20260103,http://www.ngs.noaa.gov/cgi-bin/ds_mark.prl?PidBox=OC0882,OC0882,A 15 RESET,,,,NH,MERRIMACK,BRADFORD (2018),43 15 53.     (N),071 57 11.     (W),43.2647222222,-71.9530555556,,NAD 83,(1986),,SCALED,197.79,NAVD 88,,RESET,-27.373,GEOID18,,,,,,,,,,3,,,,,NH,84990.,276750.,,,,,,,,A,1966,20220610,MARK NOT FOUND,NHDOT,,DB = BENCH MARK DISK,66 = SET IN ROCK OUTCROP,A 15 1935 RESET 1966
,20260103,http://www.ngs.noaa.gov/cgi-bin/ds_mark.prl?PidBox=OC0630,OC0630,A 17,,,,NH,CARROLL,WOLFEBORO (2018),43 34 32.14   (N),071 11 29.51   (W),43.5755944444,-71.1915305556,,NAD 83,(1986),,HD_HELD1,206.729,NAVD 88,,ADJUSTED,-27.129,GEOID18,206.690,980426.8,,,,,,,,1,2,,,,NH,119597.2,338378.2,,,,,,,,C,1935,20230711,GOOD,NHDOT,Y,DB = BENCH MARK DISK,7 = SET IN TOP OF CONCRETE MONUMENT,A 17 1935
,20260103,http://www.ngs.noaa.gov/cgi-bin/ds_mark.prl?PidBox=OD0136,OD0136,A 24,,,,NH,SULLIVAN,SUNAPEE LAKE NORTH (2018),43 22 39.     (N),072 07 16.     (W),43.3775000000,-72.1211111111,,NAD 83,(1986),,SCALED,291.554,NAVD 88,,ADJUSTED,-27.447,GEOID18,291.485,980374.4,,,,,,,,2,0,,,,NH,97580.,263170.,,,,,,,,C,1942,19910405,MARK NOT FOUND,USPSQD,,DB = BENCH MARK DISK,32 = SET IN A RETAINING WALL OR CONCRETE LEDGE,A 24 1942
,20260103,http://www.ngs.noaa.gov/cgi-bin/ds_mark.prl?PidBox=OD0137,OD0137,A 24 RESET,,,,NH,SULLIVAN,SUNAPEE LAKE NORTH (2018),43 22 39.     (N),072 07 16.     (W),43.3775000000,-72.1211111111,,NAD 83,(1986),,SCALED,292.03,NAVD 88,,RESET,-27.447,GEOID18,,,,,,,,,,3,,,,,NH,97580.,263170.,,,,,,,,B,1956,19910405,POOR,USPSQD,,DB = BENCH MARK DISK,36 = SET IN A MASSIVE STRUCTURE,A 24 RESET 1956
,20260103,http://www.ngs.noaa.gov/cgi-bin/ds_mark.prl?PidBox=OC0984,OC0984,A 25,,,,NH,GRAFTON,MOUNT CARDIGAN (2018),43 41 31.     (N),071 59 11.     (W),43.6919444444,-71.9863888889,,NAD 83,(1986),,SCALED,322.540,NAVD 88,,ADJUSTED,-27.330,GEOID18,322.472,980398.3,,,,,,,,2,0,,,,NH,132460.,274230.,,,,,,,,C,1942,1942,MONUMENTED,CGS,,DB = BENCH MARK DISK,80 = SET IN A BOULDER,A 25 1942
,20260103,http://www.ngs.noaa.gov/cgi-bin/ds_mark.prl?PidBox=MY0803,MY0803,A 26,,,,NH,HILLSBOROUGH,SOUTH MERRIMACK (2018),42 47 06.     (N),071 30 33.     (W),42.7850000000,-71.5091666667,,NAD 83,(1986),,SCALED,57.210,NAVD 88,,ADJUSTED,-27.625,GEOID18,57.197,980399.5,,,,,,,,2,0,,,,NH,31670.,312890.,,,,,,,,C,1942,1942,MONUMENTED,CGS,,DB = BENCH MARK DISK,32 = SET IN A RETAINING WALL OR CONCRETE LEDGE,A 26 1942
,20260103,http://www.ngs.noaa.gov/cgi-bin/ds_mark.prl?PidBox=MY0804,MY0804,A 26 RESET 1965,,,,NH,HILLSBOROUGH,SOUTH MERRIMACK (2018),42 46 54.90   (N),071 30 05.01   (W),42.7819166667,-71.5013916667,,NAD 83,(1986),,HD_HELD1,57.61,NAVD 88,,RESET,-27.624,GEOID18,,,,,,,,,,3,,,,,NH,31329.1,313523.8,,,,,,,,C,1965,20110330,GOOD,GEOCAC,N,DB = BENCH MARK DISK,80 = SET IN A BOULDER,A 26 RESET 1965
,20260103,http://www.ngs.noaa.gov/cgi-bin/ds_mark.prl?PidBox=MY0834,MY0834,A 27,,,,NH,HILLSBOROUGH,PETERBOROUGH NORTH (2018),42 57 01.     (N),071 53 05.     (W),42.9502777778,-71.8847222222,,NAD 83,(1986),,SCALED,259.259,NAVD 88,,ADJUSTED,-27.453,GEOID18,259.194,980362.5,,,,,,,,2,0,,,,NH,50040.,282210.,,,,,,,,C,1942,20220908,MARK NOT FOUND,NHDOT,,DB = BENCH MARK DISK,7 = SET IN TOP OF CONCRETE MONUMENT,A 27 1942
,20260103,http://www.ngs.noaa.gov/cgi-bin/ds_mark.prl?PidBox=OC0763,OC0763,A 28,,,,NH,ROCKINGHAM,MOUNT PAWTUCKAWAY (2018),43 02 21.     (N),071 07 48.     (W),43.0391666667,-71.1300000000,,NAD 83,(1986),,SCALED,46.093,NAVD 88,,ADJUSTED,-27.102,GEOID18,46.083,980425.2,,,,,,,,2,0,,,,NH,60030.,343730.,,,,,,,,B,1942,20221004,MARK NOT FOUND,NHDOT,,DB = BENCH MARK DISK,36 = SET IN A MASSIVE STRUCTURE,A 28 1942
,20260103,http://www.ngs.noaa.gov/cgi-bin/ds_mark.prl?PidBox=OC0671,OC0671,A 29,,,,NH,BELKNAP,CENTER HARBOR (2018),43 39 40.     (N),071 29 38.     (W),43.6611111111,-71.4938888889,,NAD 83,(1986),,SCALED,158.241,NAVD 88,,ADJUSTED,-27.334,GEOID18,158.212,980428.6,,,,,,,,2,0,,,,NH,129000.,313940.,,,,,,,,C,1942,20220919,MARK NOT FOUND,NHDOT,,DB = BENCH MARK DISK,32 = SET IN A RETAINING WALL OR CONCRETE LEDGE,A 29 1942
,20260103,http://www.ngs.noaa.gov/cgi-bin/ds_mark.prl?PidBox=OD0047,OD0047,A 3,,,,NH,GRAFTON,CANAAN (2018),43 39 02.     (N),072 05 22.     (W),43.6505555556,-72.0894444444,,NAD 83,(1986),,SCALED,251.119,NAVD 88,,ADJUSTED,-27.506,GEOID18,251.065,980399.9,,,,,,,,1,2,,,,NH,127900.,265890.,,,,,,,,B,1933,20231101,MARK NOT FOUND,INDIV,,DB = BENCH MARK DISK,36 = SET IN A MASSIVE STRUCTURE,A 3 1933
,20260103,http://www.ngs.noaa.gov/cgi-bin/ds_mark.prl?PidBox=PF0480,PF0480,A 30,,,,NH,CARROLL,NORTH CONWAY EAST (2018),44 04 32.     (N),071 06 04.     (W),44.0755555556,-71.1011111111,,NAD 83,(1986),,SCALED,220.093,NAVD 88,,ADJUSTED,-27.247,GEOID18,220.051,980425.3,,,,,,,,2,0,,,,NH,175190.,345300.,,,,,,,,B,1942,20130613,MARK NOT FOUND,PROFLN,,DB = BENCH MARK DISK,38 = SET IN THE ABUTMENT OR PIER OF A LARGE BRIDGE,A 30 1942
,20260103,http://www.ngs.noaa.gov/cgi-bin/ds_mark.prl?PidBox=PF0685,PF0685,A 31,,,,NH,COOS,GROVETON (2018),44 31 09.     (N),071 33 48.     (W),44.5191666667,-71.5633333333,,NAD 83,(1986),,SCALED,267.245,NAVD 88,,ADJUSTED,-27.122,GEOID18,267.210,980479.2,,,,,,,,2,0,,,,NH,224330.,308220.,,,,,,,,A,1942,1942,MONUMENTED,CGS,,DB = BENCH MARK DISK,66 = SET IN ROCK OUTCROP,A 31 1942
,20260103,http://www.ngs.noaa.gov/cgi-bin/ds_mark.prl?PidBox=OC0423,OC0423,A 32,,,,NH,ROCKINGHAM,KITTERY (2018),43 03 50.43   (N),070 42 56.00   (W),43.0640083333,-70.7155555556,,NAD 83,(1986),,HD_HELD1,10.329,NAVD 88,,ADJUSTED,-26.593,GEOID18,10.327,980460.7,,,,,,,,2,0,,,,NH,63091.8,377471.6,,,,,,,,C,1943,20170614,GOOD,PROFLN,,DB = BENCH MARK DISK,32 = SET IN A RETAINING WALL OR CONCRETE LEDGE,A 32 1943
,20260103,http://www.ngs.noaa.gov/cgi-bin/ds_mark.prl?PidBox=OC0621,OC0621,A 33,,,,NH,CARROLL,TUFTONBORO (2018),43 40 02.     (N),071 08 15.     (W),43.6672222222,-71.1375000000,,NAD 83,(1986),,SCALED,264.404,NAVD 88,,ADJUSTED,-27.170,GEOID18,264.349,980406.0,,,,,,,,1,2,,,,NH,129800.,342680.,,,,,,,,A,1955,1955,MONUMENTED,CGS,,DB = BENCH MARK DISK,66 = SET IN ROCK OUTCROP,A 33 1955
,20260103,http://www.ngs.noaa.gov/cgi-bin/ds_mark.prl?PidBox=OC0887,OC0887,A 34,,,,NH,BELKNAP,CENTER HARBOR (2018),43 39 02.     (N),071 29 53.     (W),43.6505555556,-71.4980555556,,NAD 83,(1986),,SCALED,168.255,NAVD 88,,ADJUSTED,-27.335,GEOID18,168.223,980425.4,,,,,,,,1,2,,,,NH,127830.,313600.,,,,,,,,B,1955,20040716,GOOD,USPSQD,N,DB = BENCH MARK DISK,36 = SET IN A MASSIVE STRUCTURE,A 34 1955
,20260103,http://www.ngs.noaa.gov/cgi-bin/ds_mark.prl?PidBox=PF0888,PF0888,A 35,,,,NH,GRAFTON,EAST HAVERHILL (2018),44 00 02.     (N),071 55 37.     (W),44.0005555556,-71.9269444444,,NAD 83,(1986),,SCALED,263.701,NAVD 88,,ADJUSTED,-27.300,GEOID18,263.649,980415.4,,,,,,,,1,2,,,,NH,166740.,279130.,,,,,,,,C,1955,1967,MARK NOT FOUND,USGS,,DB = BENCH MARK DISK,7 = SET IN TOP OF CONCRETE MONUMENT,A 35 1955
,20260103,http://www.ngs.noaa.gov/cgi-bin/ds_mark.prl?PidBox=OC0804,OC0804,A 4,,,,NH,BELKNAP,NORTHFIELD (2018),43 26 36.30   (N),071 35 10.72   (W),43.4434166667,-71.5863111111,,NAD 83,(1986),,HD_HELD1,139.466,NAVD 88,,ADJUSTED,-27.295,GEOID18,139.439,980428.2,,,,,,,,1,2,,,,NH,104805.9,306504.7,,,,,,,,B,1933,20220713,GOOD,NHDOT,Y,DB = BENCH MARK DISK,36 = SET IN A MASSIVE STRUCTURE,A 4 1933
,20260103,http://www.ngs.noaa.gov/cgi-bin/ds_mark.prl?PidBox=MY0448,MY0448,A 41,,,,NH,HILLSBOROUGH,PINARDVILLE (2018),42 58 17.     (N),071 30 56.     (W),42.9713888889,-71.5155555556,,NAD 83,(1986),,SCALED,81.571,NAVD 88,,ADJUSTED,-27.488,GEOID18,81.553,980403.1,,,,,,,,2,0,,,,NH,52380.,312330.,,,,,,,,C,1959,19950813,MARK NOT FOUND,USPSQD,,DB = BENCH MARK DISK,80 = SET IN A BOULDER,A 41 1959
,20260103,http://www.ngs.noaa.gov/cgi-bin/ds_mark.prl?PidBox=OC0645,OC0645,A 44,,,,NH,BELKNAP,LACONIA (2018),43 33 34.     (N),071 27 12.     (W),43.5594444444,-71.4533333333,,NAD 83,(1986),,SCALED,155.122,NAVD 88,,ADJUSTED,-27.267,GEOID18,155.092,980424.5,,,,,,,,2,0,,,,NH,117720.,317240.,,,,,,,,D,1965,20001115,GOOD,USPSQD,N,DB = BENCH MARK DISK,31 = SET IN A PAVEMENT SUCH AS STREET SIDEWALK CURB ETC.,A 44 1965
,20260103,http://www.ngs.noaa.gov/cgi-bin/ds_mark.prl?PidBox=OC1095,OC1095,A 47,,,,NH,STRAFFORD,DOVER WEST (2018),43 11 43.76   (N),070 53 41.37   (W),43.1954888889,-70.8948250000,,NAD 83,(1986),,HD_HELD1,32.416,NAVD 88,,ADJUSTED,-26.826,GEOID18,32.411,980448.0,,,,,,,,1,2,,,,NH,77548.4,362734.9,,,,,,,,A,1978,20221026,GOOD,NHDOT,Y,DV = VERTICAL CONTROL DISK,66 = SET IN ROCK OUTCROP,A 47 1978
,20260103,http://www.ngs.noaa.gov/cgi-bin/ds_mark.prl?PidBox=PF0819,PF0819,A 48,,,,NH,COOS,JEFFERSON (2018),44 23 44.64   (N),071 29 31.32   (W),44.3957333333,-71.4920333333,,NAD 83,(1986),,HD_HELD1,332.382,NAVD 88,,ADJUSTED,-27.043,GEOID18,332.324,980435.7,,,,,,,,1,2,,,,NH,210626.6,313912.8,,,,,,,,B,1978,1978,MONUMENTED,NGS,,DV = VERTICAL CONTROL DISK,49 = STAINLESS STEEL ROD W/O SLEEVE (10 FT.+),A 48 1978
,20260103,http://www.ngs.noaa.gov/cgi-bin/ds_mark.prl?PidBox=MY0192,MY0192,A 49,,,,NH,ROCKINGHAM,HAMPTON (2018),42 52 48.     (N),070 52 03.     (W),42.8800000000,-70.8675000000,,NAD 83,(1986),,SCALED,5.906,NAVD 88,,ADJUSTED,-26.904,GEOID18,5.905,980432.7,,,,,,,,1,1,,,,NH,42520.,365290.,,,,,,,,C,1966,20050702,MARK NOT FOUND,GEOCAC,,DB = BENCH MARK DISK,34 = SET IN THE FOOTINGS OF SMALL/MEDIUM STRUCTURES,A 49 1966
,20260103,http://www.ngs.noaa.gov/cgi-bin/ds_mark.prl?PidBox=OD1075,OD1075,A 49 X,,,,NH,GRAFTON,HANOVER (2018),43 38 24.     (N),072 18 15.     (W),43.6400000000,-72.3041666667,,NAD 83,(1986),,SCALED,168.494,NAVD 88,,ADJUSTED,-27.681,GEOID18,168.463,980430.7,,,,,,,,1,2,,,,NH,126840.,248560.,,,,,,,,B,1978,20051013,MARK NOT FOUND,VTGS,N,DV = VERTICAL CONTROL DISK,49 = STAINLESS STEEL ROD W/O SLEEVE (10 FT.+),A 49 X 1978
,20260103,http://www.ngs.noaa.gov/cgi-bin/ds_mark.prl?PidBox=OC0387,OC0387,A 5,,,,NH,STRAFFORD,ROCHESTER (2018),43 18 18.     (N),070 58 38.     (W),43.3050000000,-70.9772222222,,NAD 83,(1986),,SCALED,70.556,NAVD 88,,ADJUSTED,-26.911,GEOID18,70.543,980437.8,,,,,,,,1,2,,,,NH,89660.,355940.,,,,,,,,B,1933,19950824,GOOD,USPSQD,,DB = BENCH MARK DISK,36 = SET IN A MASSIVE STRUCTURE,A 5 1933
,20260103,http://www.ngs.noaa.gov/cgi-bin/ds_mark.prl?PidBox=OC0285,OC0285,A 50,,,,NH,ROCKINGHAM,PORTSMOUTH (2018),43 03 57.     (N),070 46 35.     (W),43.0658333333,-70.7763888889,,NAD 83,(1986),,SCALED,8.623,NAVD 88,,ADJUSTED,-26.675,GEOID18,8.622,980454.6,,,,,,,,1,1,,,,NH,63240.,372510.,,,,,,,,B,1966,20180426,MARK NOT FOUND,PROFLN,,DB = BENCH MARK DISK,38 = SET IN THE ABUTMENT OR PIER OF A LARGE BRIDGE,A 50 1966
,20260103,http://www.ngs.noaa.gov/cgi-bin/ds_mark.prl?PidBox=OC1021,OC1021,A 50 X,,,,NH,GRAFTON,GRAFTON (2018),43 35 50.     (N),071 58 10.     (W),43.5972222222,-71.9694444444,,NAD 83,(1986),,SCALED,261.958,NAVD 88,,ADJUSTED,-27.323,GEOID18,261.902,980401.0,,,,,,,,1,2,,,,NH,121940.,275550.,,,,,,,,B,1978,1978,MONUMENTED,NGS,,DV = VERTICAL CONTROL DISK,36 = SET IN A MASSIVE STRUCTURE,A 50 X 1978
,20260103,http://www.ngs.noaa.gov/cgi-bin/ds_mark.prl?PidBox=OC1038,OC1038,A 51,,,,NH,MERRIMACK,ANDOVER (2018),43 26 12.     (N),071 50 16.     (W),43.4366666667,-71.8377777778,,NAD 83,(1986),,SCALED,197.533,NAVD 88,,ADJUSTED,-27.297,GEOID18,197.494,980416.5,,,,,,,,1,2,,,,NH,104070.,286150.,,,,,,,,A,1978,20150625,GOOD,NHDOT,N,DV = VERTICAL CONTROL DISK,66 = SET IN ROCK OUTCROP,A 51 1978
,20260103,http://www.ngs.noaa.gov/cgi-bin/ds_mark.prl?PidBox=OC1064,OC1064,A 52,,,,NH,BELKNAP,GILMANTON IRONWORKS (2018),43 25 22.     (N),071 19 26.     (W),43.4227777778,-71.3238888889,,NAD 83,(1986),,SCALED,239.476,NAVD 88,,ADJUSTED,-27.143,GEOID18,239.426,980404.2,,,,,,,,1,2,,,,NH,102570.,327760.,,,,,,,,B,1978,20151109,GOOD,NHDOT,N,DV = VERTICAL CONTROL DISK,49 = STAINLESS STEEL ROD W/O SLEEVE (10 FT.+),A 52 1978
,20260103,http://www.ngs.noaa.gov/cgi-bin/ds_mark.prl?PidBox=PF0595,PF0595,A 6,,,,NH,GRAFTON,FRANCONIA (2018),44 12 20.     (N),071 41 27.     (W),44.2055555556,-71.6908333333,,NAD 83,(1986),,SCALED,459.431,NAVD 88,,ADJUSTED,-27.123,GEOID18,459.328,980381.7,,,,,,,,2,0,,,,NH,189480.,298070.,,,,,,,,C,1933,1971,MARK NOT FOUND,NGS,,DB = BENCH MARK DISK,7 = SET IN TOP OF CONCRETE MONUMENT,A 6 1933
