FeatureId,DATA_DATE,DATA_SRCE,PID,NAME,HT_MOD,CORS_ID,PACS_SACS,STATE,COUNTY,QUAD,LATITUDE,LONGITUDE,DEC_LAT,DEC_LON,ELLIP_HT,POS_DATUM,DATUM_TAG,POS_EPOCH,POS_SRCE,ORTHO_HT,VERT_DATUM,VERT_EPOCH,VERT_SRCE,GEOID_HT,GEOID_MOD,DYNAMIC_HT,MODEL_GRAV,N_ACC_HZ,N_ACC_EH,N_ACC_STDN,N_ACC_STDE,N_ACC_STDH,N_ACC_CORR,POS_ORDER,VERT_ORDER,VERT_CLASS,ECEF_X,ECEF_Y,ECEF_Z,SPC_ZONE,SPC_NORTH,SPC_EAST,SPC_CONV,SPC_CSF,UTM_ZONE,UTM_NORTH,UTM_EAST,UTM_CONV,UTM_CSF,STABILITY,FIRST_RECV,LAST_RECV,LAST_COND,LAST_RECBY,SAT_USE,MARKER,SETTING,STAMPING
,20260103,http://www.ngs.noaa.gov/cgi-bin/ds_mark.prl?PidBox=KV7012,KV7012,0001,,,,NJ,OCEAN,POINT PLEASANT (2019),40 00 38.24514(N),074 03 30.62569(W),40.0106236500,-74.0585071361,-31.551,NAD 83,(2011),2010.00,ADJUSTED,1.520,NAVD 88,,ADJUSTED,-33.066,GEOID18,1.519,980160.8,0.50,1.00,0.22,0.19,0.51,-0.00727244,,1,1,1343594.764,-4703794.693,4078868.838,NJ,130787.248,187691.231,+0 17 01.9,0.99992243,18,4429360.819,580353.727,+0 36 19.2,0.99967948,,1993,20151119,MARK NOT FOUND,NJGS,Y,,,MUA-01-93
,20260103,http://www.ngs.noaa.gov/cgi-bin/ds_mark.prl?PidBox=KV7013,KV7013,0002,,,,NJ,OCEAN,POINT PLEASANT (2019),40 02 41.00627(N),074 04 41.43500(W),40.0447239639,-74.0781763889,-30.825,NAD 83,(2011),2010.00,ADJUSTED,2.2,NAVD 88,,GPS OBS,-33.041,GEOID18,,,0.39,0.82,0.17,0.15,0.42,0.02710620,,,,1341312.020,-4701914.422,4081768.615,NJ,134565.088,185994.091,+0 16 17.0,0.99992078,18,4433128.172,578635.818,+0 35 35.2,0.99967612,C,1993,20200814,GOOD,NJGS,Y,DD = SURVEY DISK,7 = SET IN TOP OF CONCRETE MONUMENT,MUA-02-93
,20260103,http://www.ngs.noaa.gov/cgi-bin/ds_mark.prl?PidBox=KV7014,KV7014,0003,,,,NJ,OCEAN,POINT PLEASANT (2019),40 02 59.00603(N),074 05 50.86885(W),40.0497238972,-74.0974635694,-28.009,NAD 83,(2011),2010.00,ADJUSTED,5.0,NAVD 88,,GPS OBS,-33.024,GEOID18,,,0.43,0.90,0.19,0.16,0.46,0.01328274,,,,1339631.878,-4702024.212,4082195.416,NJ,135112.587,184345.807,+0 15 32.5,0.99991891,18,4433666.278,576984.884,+0 34 50.8,0.99967296,C,1993,20201015,GOOD,NJGS,N,DD = SURVEY DISK,7 = SET IN TOP OF CONCRETE MONUMENT,MUA-03-93
,20260103,http://www.ngs.noaa.gov/cgi-bin/ds_mark.prl?PidBox=KV7015,KV7015,0005,,,,NJ,OCEAN,POINT PLEASANT (2019),40 01 16.28981(N),074 06 28.18818(W),40.0211916139,-74.1078300500,-32.646,NAD 83,(2011),2010.00,ADJUSTED,0.4,NAVD 88,,GPS OBS,-33.037,GEOID18,,,0.53,1.02,0.23,0.20,0.52,0.09452503,,,,1339338.185,-4704223.110,4079766.807,NJ,131940.853,183475.248,+0 15 07.9,0.99991891,18,4430490.475,576132.351,+0 34 25.5,0.99967135,C,1993,20150515,MARK NOT FOUND,BRICK,Y,DD = SURVEY DISK,7 = SET IN TOP OF CONCRETE MONUMENT,M.U.A.-05-93
,20260103,http://www.ngs.noaa.gov/cgi-bin/ds_mark.prl?PidBox=KV7016,KV7016,0006,,,,NJ,OCEAN,POINT PLEASANT (2019),40 02 02.08421(N),074 06 04.63328(W),40.0339122806,-74.1012870222,-28.566,NAD 83,(2011),2010.00,ADJUSTED,4.5,NAVD 88,,GPS OBS,-33.033,GEOID18,,,0.43,0.86,0.19,0.16,0.44,0.02214345,,,,1339627.393,-4703199.468,4080850.982,NJ,133355.638,184027.435,+0 15 23.3,0.99991873,18,4431907.994,576676.456,+0 34 41.2,0.99967238,C,1993,20201015,GOOD,NJGS,N,DD = SURVEY DISK,7 = SET IN TOP OF CONCRETE MONUMENT,MUA-06-93
,20260103,http://www.ngs.noaa.gov/cgi-bin/ds_mark.prl?PidBox=KV7017,KV7017,0007,,,,NJ,OCEAN,POINT PLEASANT (2019),40 01 59.77459(N),074 07 29.41187(W),40.0332707194,-74.1248366306,-30.225,NAD 83,(2011),2010.00,ADJUSTED,2.8,NAVD 88,,GPS OBS,-33.014,GEOID18,,,0.49,0.96,0.21,0.19,0.49,0.00302590,,,,1337706.365,-4703792.534,4080795.372,NJ,133275.678,182017.931,+0 14 28.7,0.99991736,18,4431816.777,574667.921,+0 33 46.7,0.99966863,C,1993,20201019,POOR,NJGS,Y,DD = SURVEY DISK,7 = SET IN TOP OF CONCRETE MONUMENT,MUA-07-93
,20260103,http://www.ngs.noaa.gov/cgi-bin/ds_mark.prl?PidBox=KV7018,KV7018,0008,,,,NJ,OCEAN,LAKEWOOD (2016),40 01 11.42256(N),074 07 37.92928(W),40.0198396000,-74.1272025778,-32.223,NAD 83,(2011),2010.00,ADJUSTED,0.8,NAVD 88,,GPS OBS,-33.023,GEOID18,,,0.58,1.20,0.24,0.23,0.61,0.08510135,,,,1337774.034,-4704768.858,4079652.115,NJ,131783.648,181822.251,+0 14 23.0,0.99991751,18,4430324.036,574480.665,+0 33 40.6,0.99966829,C,1993,20150515,POOR,BRICK,Y,DD = SURVEY DISK,7 = SET IN TOP OF CONCRETE MONUMENT,M.U.A.-08-93
,20260103,http://www.ngs.noaa.gov/cgi-bin/ds_mark.prl?PidBox=KV7019,KV7019,0009,,,,NJ,OCEAN,LAKEWOOD (2016),40 01 10.19075(N),074 08 42.79727(W),40.0194974306,-74.1452214639,-30.902,NAD 83,(2011),2010.00,ADJUSTED,2.1,NAVD 88,,GPS OBS,-33.007,GEOID18,,,0.58,1.20,0.24,0.23,0.61,0.08178063,,,,1336301.322,-4705213.815,4079623.869,NJ,131739.379,180284.294,+0 13 41.3,0.99991614,18,4430271.150,572943.357,+0 32 58.9,0.99966550,C,1993,20201019,GOOD,NJGS,Y,DD = SURVEY DISK,7 = SET IN TOP OF CONCRETE MONUMENT,MUA-09-93
,20260103,http://www.ngs.noaa.gov/cgi-bin/ds_mark.prl?PidBox=KV7020,KV7020,0010,,,,NJ,OCEAN,LAKEWOOD (2016),40 01 56.26061(N),074 08 43.29556(W),40.0322946139,-74.1453598778,-27.890,NAD 83,(2011),2010.00,ADJUSTED,5.1,NAVD 88,,GPS OBS,-32.995,GEOID18,,,0.46,0.86,0.20,0.17,0.44,0.03841393,,,,1336040.924,-4704340.178,4080713.889,NJ,133160.131,180266.823,+0 13 41.2,0.99991564,18,4431691.432,572917.918,+0 32 59.1,0.99966545,C,1993,20201019,GOOD,NJGS,Y,DD = SURVEY DISK,7 = SET IN TOP OF CONCRETE MONUMENT,MUA-10-93
,20260103,http://www.ngs.noaa.gov/cgi-bin/ds_mark.prl?PidBox=KV7021,KV7021,0011,,,,NJ,OCEAN,LAKEWOOD (2016),40 01 55.98115(N),074 09 33.91957(W),40.0322169861,-74.1594221028,-24.663,NAD 83,(2011),2010.00,ADJUSTED,8.3,NAVD 88,,GPS OBS,-32.979,GEOID18,,,0.50,1.12,0.22,0.19,0.57,0.05313450,,,,1334888.475,-4704675.655,4080709.365,NJ,133146.829,179066.711,+0 13 08.6,0.99991427,18,4431671.399,571718.195,+0 32 26.5,0.99966332,,1993,20201022,MARK NOT FOUND,NJGS,Y,,,M.U.A.-11-93
,20260103,http://www.ngs.noaa.gov/cgi-bin/ds_mark.prl?PidBox=KV7022,KV7022,0012,,,,NJ,OCEAN,LAKEWOOD (2016),40 02 41.94053(N),074 09 36.30311(W),40.0449834806,-74.1600841972,-16.947,NAD 83,(2011),2010.00,ADJUSTED,16.0,NAVD 88,,GPS OBS,-32.963,GEOID18,,,0.61,1.65,0.27,0.22,0.84,0.04250084,,,,1334586.818,-4703819.489,4081799.604,NJ,134564.008,179004.794,+0 13 07.3,0.99991301,18,4433087.858,571648.340,+0 32 25.5,0.99966319,C,1993,20041222,MARK NOT FOUND,INDIV,Y,DD = SURVEY DISK,7 = SET IN TOP OF CONCRETE MONUMENT,M.U.A.-12-93
,20260103,http://www.ngs.noaa.gov/cgi-bin/ds_mark.prl?PidBox=KV7023,KV7023,0013,,,,NJ,OCEAN,LAKEWOOD (2016),40 03 18.02836(N),074 08 36.50275(W),40.0550078778,-74.1434729861,-25.485,NAD 83,(2011),2010.00,ADJUSTED,7.5,NAVD 88,,GPS OBS,-32.972,GEOID18,,,0.46,0.90,0.20,0.17,0.46,0.08061717,,,,1335753.020,-4702737.127,4082646.139,NJ,135682.508,180417.765,+0 13 46.0,0.99991539,18,4434213.997,573054.661,+0 33 04.4,0.99966570,C,1993,20190802,GOOD,NJGS,Y,DD = SURVEY DISK,7 = SET IN TOP OF CONCRETE MONUMENT,MUA-13-93
,20260103,http://www.ngs.noaa.gov/cgi-bin/ds_mark.prl?PidBox=KV7024,KV7024,0014,,,,NJ,OCEAN,LAKEWOOD (2016),40 03 07.48860(N),074 07 35.90898(W),40.0520801667,-74.1266413833,-31.911,NAD 83,(2011),2010.00,ADJUSTED,1.1,NAVD 88,,GPS OBS,-32.995,GEOID18,,,0.46,0.90,0.20,0.17,0.46,0.00924561,,,,1337190.341,-4702541.006,4082393.175,NJ,135363.345,181855.151,+0 14 24.9,0.99991750,18,4433902.988,574493.464,+0 33 43.3,0.99966831,C,1993,1993,MONUMENTED,MCCRON,Y,DD = SURVEY DISK,7 = SET IN TOP OF CONCRETE MONUMENT,M.U.A.-14-93
,20260103,http://www.ngs.noaa.gov/cgi-bin/ds_mark.prl?PidBox=KV7026,KV7026,0016,,,,NJ,OCEAN,POINT PLEASANT (2019),40 04 05.58940(N),074 06 05.48073(W),40.0682192778,-74.1015224250,-28.017,NAD 83,(2011),2010.00,ADJUSTED,5.0,NAVD 88,,GPS OBS,-33.004,GEOID18,,,0.42,0.86,0.18,0.16,0.44,-0.01768635,,,,1338936.729,-4700847.978,4083767.231,NJ,137164.482,183990.299,+0 15 23.4,0.99991861,18,4435715.648,576617.945,+0 34 42.2,0.99967226,C,1993,20110616,MARK NOT FOUND,GEOCAC,Y,DD = SURVEY DISK,7 = SET IN TOP OF CONCRETE MONUMENT,M.U.A.-16-93
,20260103,http://www.ngs.noaa.gov/cgi-bin/ds_mark.prl?PidBox=KV7027,KV7027,0017,,,,NJ,OCEAN,POINT PLEASANT (2019),40 03 26.62724(N),074 06 42.42470(W),40.0573964556,-74.1117846389,-30.953,NAD 83,(2011),2010.00,ADJUSTED,2.1,NAVD 88,,GPS OBS,-33.005,GEOID18,,,0.48,1.00,0.21,0.18,0.51,-0.01771022,,,,1338305.869,-4701829.466,4082845.621,NJ,135959.008,183120.166,+0 14 59.4,0.99991836,18,4434505.598,575754.806,+0 34 17.9,0.99967065,C,1993,20201015,GOOD,NJGS,N,DD = SURVEY DISK,7 = SET IN TOP OF CONCRETE MONUMENT,M.U.A.-17-93
,20260103,http://www.ngs.noaa.gov/cgi-bin/ds_mark.prl?PidBox=KV7028,KV7028,0018,,,,NJ,OCEAN,POINT PLEASANT (2019),40 04 06.19724(N),074 06 36.59712(W),40.0683881222,-74.1101658667,-24.214,NAD 83,(2011),2010.00,ADJUSTED,8.8,NAVD 88,,GPS OBS,-32.995,GEOID18,,,0.43,0.84,0.19,0.16,0.43,0.00044646,,,,1338225.053,-4701041.104,4083784.026,NJ,137179.963,183252.926,+0 15 03.4,0.99991741,18,4435726.984,575880.675,+0 34 22.1,0.99967088,C,1993,20201026,GOOD,NJGS,Y,DD = SURVEY DISK,7 = SET IN TOP OF CONCRETE MONUMENT,MUA-18-93
,20260103,http://www.ngs.noaa.gov/cgi-bin/ds_mark.prl?PidBox=KV7029,KV7029,0019,,,,NJ,OCEAN,LAKEWOOD (2016),40 05 42.33832(N),074 08 34.61685(W),40.0950939778,-74.1429491250,-23.581,NAD 83,(2011),2010.00,ADJUSTED,9.4,NAVD 88,,GPS OBS,-32.909,GEOID18,,,0.46,0.94,0.20,0.17,0.48,0.01154412,,,,1335013.451,-4699969.856,4086053.268,NJ,140133.260,180444.604,+0 13 47.9,0.99991511,18,4438663.736,573056.492,+0 33 07.3,0.99966570,C,1993,20150518,MARK NOT FOUND,BRICK,Y,DD = SURVEY DISK,7 = SET IN TOP OF CONCRETE MONUMENT,M.U.A.-19-93
,20260103,http://www.ngs.noaa.gov/cgi-bin/ds_mark.prl?PidBox=KV7030,KV7030,0020,,,,NJ,OCEAN,LAKEWOOD (2016),40 05 57.23793(N),074 09 06.79507(W),40.0992327583,-74.1518875194,-24.310,NAD 83,(2011),2010.00,ADJUSTED,8.6,NAVD 88,,GPS OBS,-32.886,GEOID18,,,0.59,1.20,0.24,0.24,0.61,-0.09523380,,,,1334199.234,-4699892.789,4086404.335,NJ,140589.751,179680.655,+0 13 27.2,0.99991465,18,4439115.814,572290.178,+0 32 46.7,0.99966433,,1993,20201118,MARK NOT FOUND,NJGS,Y,,,M.U.A.-20-93
,20260103,http://www.ngs.noaa.gov/cgi-bin/ds_mark.prl?PidBox=KV7031,KV7031,0021,,,,NJ,OCEAN,POINT PLEASANT (2019),40 04 56.85164(N),074 07 03.67147(W),40.0824587889,-74.1176865194,-23.495,NAD 83,(2011),2010.00,ADJUSTED,9.5,NAVD 88,,GPS OBS,-32.968,GEOID18,,,0.48,1.02,0.21,0.18,0.52,-0.03085083,,,,1337332.875,-4700249.814,4084979.992,NJ,138739.382,182604.700,+0 14 46.2,0.99991677,18,4437282.358,575223.858,+0 34 05.3,0.99966966,C,1993,20201026,GOOD,NJGS,Y,DD = SURVEY DISK,7 = SET IN TOP OF CONCRETE MONUMENT,MUA-21-93
,20260103,http://www.ngs.noaa.gov/cgi-bin/ds_mark.prl?PidBox=KV7033,KV7033,0023,,,,NJ,OCEAN,POINT PLEASANT (2019),40 06 10.30958(N),074 05 34.41000(W),40.1028637722,-74.0928916667,-31.570,NAD 83,(2011),2010.00,ADJUSTED,1.4,NAVD 88,,GPS OBS,-32.969,GEOID18,,,0.49,0.98,0.20,0.20,0.50,-0.12042330,,,,1338965.174,-4698261.415,4086708.050,NJ,141014.241,184708.909,+0 15 44.1,0.99991978,18,4439568.454,577314.741,+0 35 03.7,0.99967358,,1993,20201028,MARK NOT FOUND,NJGS,Y,,,M.U.A.-23-93
,20260103,http://www.ngs.noaa.gov/cgi-bin/ds_mark.prl?PidBox=KV7034,KV7034,0024,,,,NJ,OCEAN,POINT PLEASANT (2019),40 06 34.51906(N),074 06 02.00607(W),40.1095886278,-74.1005572417,-17.379,NAD 83,(2011),2010.00,ADJUSTED,15.6,NAVD 88,,GPS OBS,-32.948,GEOID18,,,0.48,0.94,0.21,0.18,0.48,-0.08112266,,,,1338207.779,-4697988.323,4087288.309,NJ,141757.912,184052.009,+0 15 26.4,0.99991700,18,4440308.241,576653.829,+0 34 46.2,0.99967233,C,1993,20201119,GOOD,NJGS,Y,DD = SURVEY DISK,7 = SET IN TOP OF CONCRETE MONUMENT,MUA-24-93
,20260103,http://www.ngs.noaa.gov/cgi-bin/ds_mark.prl?PidBox=KV7036,KV7036,0026,,,,NJ,OCEAN,POINT PLEASANT (2019),40 07 21.72926(N),074 07 17.11047(W),40.1227025722,-74.1214195750,-6.673,NAD 83,(2011),2010.00,ADJUSTED,26.3,NAVD 88,,GPS OBS,-32.886,GEOID18,,,0.61,1.31,0.27,0.23,0.67,-0.02591006,,,,1336242.613,-4697580.709,4088408.767,NJ,143206.124,182267.317,+0 14 38.3,0.99991386,18,4441746.044,574861.457,+0 33 58.3,0.99966899,C,1993,1993,MONUMENTED,MCCRON,Y,DD = SURVEY DISK,7 = SET IN TOP OF CONCRETE MONUMENT,MUA-26-93
,20260103,http://www.ngs.noaa.gov/cgi-bin/ds_mark.prl?PidBox=KV7037,KV7037,0027,,,,NJ,OCEAN,LAKEWOOD (2016),40 06 09.81364(N),074 07 40.76967(W),40.1027260111,-74.1279915750,-18.450,NAD 83,(2011),2010.00,ADJUSTED,14.5,NAVD 88,,GPS OBS,-32.919,GEOID18,,,0.49,1.00,0.21,0.19,0.51,-0.01729365,,,,1336092.165,-4699099.926,4086704.802,NJ,140985.839,181716.446,+0 14 22.7,0.99991527,18,4439523.241,574323.212,+0 33 42.3,0.99966800,C,1993,20201118,GOOD,NJGS,Y,DD = SURVEY DISK,7 = SET IN TOP OF CONCRETE MONUMENT,MUA-27-93
,20260103,http://www.ngs.noaa.gov/cgi-bin/ds_mark.prl?PidBox=KV7038,KV7038,0028,,,,NJ,OCEAN,LAKEWOOD (2016),40 06 36.72503(N),074 08 08.61639(W),40.1102013972,-74.1357267750,-15.360,NAD 83,(2011),2010.00,ADJUSTED,17.6,NAVD 88,,GPS OBS,-32.890,GEOID18,,,0.50,1.04,0.22,0.19,0.53,-0.00433757,,,,1335312.227,-4698768.182,4087341.647,NJ,141813.072,181053.563,+0 14 04.9,0.99991428,18,4440346.531,573655.851,+0 33 24.6,0.99966678,C,1993,20201119,GOOD,NJGS,Y,DD = SURVEY DISK,7 = SET IN TOP OF CONCRETE MONUMENT,MUA-28-93
,20260103,http://www.ngs.noaa.gov/cgi-bin/ds_mark.prl?PidBox=KV7039,KV7039,0029,,,,NJ,OCEAN,LAKEWOOD (2016),40 04 05.35220(N),074 07 52.61023(W),40.0681533889,-74.1312806194,-24.551,NAD 83,(2011),2010.00,ADJUSTED,8.5,NAVD 88,,GPS OBS,-32.971,GEOID18,,,0.43,0.84,0.19,0.16,0.43,0.00433491,,,,1336497.043,-4701549.840,4083763.863,NJ,137146.227,181451.937,+0 14 14.4,0.99991602,18,4435683.141,574080.343,+0 33 33.2,0.99966756,C,1993,20250428,GOOD,NJGS,Y,DD = SURVEY DISK,7 = SET IN TOP OF CONCRETE MONUMENT,MUA-29-93
,20260103,http://www.ngs.noaa.gov/cgi-bin/ds_mark.prl?PidBox=KV7040,KV7040,0030,,,,NJ,MONMOUTH,ASBURY PARK (2019),40 08 16.37677(N),074 06 35.51228(W),40.1378824361,-74.1098645222,-29.919,NAD 83,(2011),2010.00,ADJUSTED,3.0,NAVD 88,,GPS OBS,-32.872,GEOID18,,,0.56,1.12,0.25,0.20,0.57,-0.04934200,,,,1336887.658,-4696249.178,4089682.503,NJ,144895.748,183244.787,+0 15 05.4,0.99991829,18,4443440.728,575829.173,+0 34 25.8,0.99967078,C,1993,20220506,GOOD,NJGS,Y,DD = SURVEY DISK,7 = SET IN TOP OF CONCRETE MONUMENT,MUA-30-93
,20260103,http://www.ngs.noaa.gov/cgi-bin/ds_mark.prl?PidBox=KV7041,KV7041,0031,,,,NJ,MONMOUTH,ASBURY PARK (2019),40 08 12.53852(N),074 06 15.94755(W),40.1368162556,-74.1044298750,-24.373,NAD 83,(2011),2010.00,ADJUSTED,8.6,NAVD 88,,GPS OBS,-32.884,GEOID18,,,0.60,1.22,0.27,0.21,0.62,-0.06113109,,,,1337355.165,-4696199.824,4089595.572,NJ,144779.421,183708.420,+0 15 18.0,0.99991780,18,4443327.038,576293.341,+0 34 38.4,0.99967165,C,1993,20220803,GOOD,NJGS,N,DD = SURVEY DISK,7 = SET IN TOP OF CONCRETE MONUMENT,MUA-31-93
,20260103,http://www.ngs.noaa.gov/cgi-bin/ds_mark.prl?PidBox=DI3228,DI3228,0063,,,,NJ,CUMBERLAND,NEWFIELD (2019),39 31 16.     (N),075 03 00.     (W),39.5211111111,-75.0500000000,,NAD 83,(1986),,SCALED,24.292,NAVD 88,,ADJUSTED,-33.726,GEOID18,24.280,980115.5,,,,,,,,1,2,,,,NJ,76490.,102710.,,,,,,,,C,UNK,20030603,GOOD,NJGS,Y,DD = SURVEY DISK,7 = SET IN TOP OF CONCRETE MONUMENT,0063
,20260103,http://www.ngs.noaa.gov/cgi-bin/ds_mark.prl?PidBox=DI3229,DI3229,0064,,,,NJ,CUMBERLAND,NEWFIELD (2019),39 31 18.85   (N),075 04 03.94   (W),39.5219027778,-75.0677611111,,NAD 83,(1986),,HD_HELD1,24.630,NAVD 88,,ADJUSTED,-33.721,GEOID18,24.618,980116.0,,,,,,,,1,2,,,,NJ,76590.5,101185.0,,,,,,,,C,UNK,20180227,GOOD,NJGS,Y,DD = SURVEY DISK,7 = SET IN TOP OF CONCRETE MONUMENT,0064
,20260103,http://www.ngs.noaa.gov/cgi-bin/ds_mark.prl?PidBox=AI8458,AI8458,01378570 A,,,,NJ,BERGEN,HACKENSACK (2019),40 52 45.     (N),074 02 27.     (W),40.8791666667,-74.0408333333,,NAD 83,(1986),,SCALED,1.495,NAVD 88,,ADJUSTED,-31.854,GEOID18,1.494,980239.7,,,,,,,,1,2,,,,NJ,227230.,188700.,,,,,,,,B,1998,20160426,GOOD,INDIV,Y,F = FLANGE-ENCASED ROD,59 = STAINLESS STEEL ROD IN SLEEVE (10 FT.+),01378570 A 1998
,20260103,http://www.ngs.noaa.gov/cgi-bin/ds_mark.prl?PidBox=AI8459,AI8459,01378570 B,,,,NJ,BERGEN,HACKENSACK (2019),40 52 36.     (N),074 02 34.     (W),40.8766666667,-74.0427777778,,NAD 83,(1986),,SCALED,1.955,NAVD 88,,ADJUSTED,-31.863,GEOID18,1.954,980239.4,,,,,,,,1,2,,,,NJ,226950.,188540.,,,,,,,,B,1998,20040317,GOOD,MACDEL,N,DO = NOT SPECIFIED OR SEE DESCRIPTION,36 = SET IN A MASSIVE STRUCTURE,01378570 B 1998
,20260103,http://www.ngs.noaa.gov/cgi-bin/ds_mark.prl?PidBox=AI7796,AI7796,01392590 A,,,,NJ,ESSEX,ELIZABETH (2016),40 43 58.61560(N),074 09 13.73049(W),40.7329487778,-74.1538140250,-28.699,NAD 83,(2011),2010.00,ADJUSTED,3.556,NAVD 88,,ADJUSTED,-32.268,GEOID18,3.555,980225.0,0.64,0.67,0.30,0.21,0.34,-0.00298923,,1,2,1321582.803,-4656045.666,4139977.249,NJ,210951.781,179240.765,+0 13 33.2,0.99991502,18,4509456.842,571452.387,+0 33 07.9,0.99966284,B,1997,20250702,GOOD,AAAS,Y,F = FLANGE-ENCASED ROD,59 = STAINLESS STEEL ROD IN SLEEVE (10 FT.+),01392590 A 1997
,20260103,http://www.ngs.noaa.gov/cgi-bin/ds_mark.prl?PidBox=AI7797,AI7797,01392590 B,,,,NJ,ESSEX,ELIZABETH (2016),40 44 02.     (N),074 09 36.     (W),40.7338888889,-74.1600000000,,NAD 83,(1986),,SCALED,2.102,NAVD 88,,ADJUSTED,-32.285,GEOID18,2.101,980223.6,,,,,,,,1,2,,,,NJ,211050.,178720.,,,,,,,,B,1997,20140716,MARK NOT FOUND,DPKCON,Y,DO = NOT SPECIFIED OR SEE DESCRIPTION,36 = SET IN A MASSIVE STRUCTURE,01392590 B 1997
,20260103,http://www.ngs.noaa.gov/cgi-bin/ds_mark.prl?PidBox=AI8462,AI8462,01407080 A,,,,NJ,MONMOUTH,KEYPORT (2016),40 26 54.01   (N),074 08 53.37   (W),40.4483361111,-74.1481583333,,NAD 83,(1986),,HD_HELD1,1.779,NAVD 88,,ADJUSTED,-32.343,GEOID18,1.778,980223.0,,,,,,,,1,2,,,,NJ,179351.6,179844.7,,,,,,,,B,1997,20180822,GOOD,NJGS,N,F = FLANGE-ENCASED ROD,59 = STAINLESS STEEL ROD IN SLEEVE (10 FT.+),01407080 A 1997
,20260103,http://www.ngs.noaa.gov/cgi-bin/ds_mark.prl?PidBox=AI8463,AI8463,01407080 B,,,,NJ,MONMOUTH,KEYPORT (2016),40 26 55.50   (N),074 08 52.32   (W),40.4487500000,-74.1478666667,,NAD 83,(1986),,HD_HELD1,4.318,NAVD 88,,ADJUSTED,-32.343,GEOID18,4.316,980223.1,,,,,,,,1,2,,,,NJ,179397.7,179869.3,,,,,,,,B,1997,20180822,GOOD,NJGS,N,DO = NOT SPECIFIED OR SEE DESCRIPTION,37 = SET IN A MASSIVE RETAINING WALL,01407080 B 1997
,20260103,http://www.ngs.noaa.gov/cgi-bin/ds_mark.prl?PidBox=AI8464,AI8464,01407080 C,,,,NJ,MONMOUTH,KEYPORT (2016),40 26 55.45   (N),074 08 51.41   (W),40.4487361111,-74.1476138889,,NAD 83,(1986),,HD_HELD1,1.702,NAVD 88,,ADJUSTED,-32.343,GEOID18,1.701,980223.0,,,,,,,,1,2,,,,NJ,179396.2,179890.7,,,,,,,,B,1997,20180822,GOOD,NJGS,N,DO = NOT SPECIFIED OR SEE DESCRIPTION,36 = SET IN A MASSIVE STRUCTURE,01407080 C 1997
,20260103,http://www.ngs.noaa.gov/cgi-bin/ds_mark.prl?PidBox=AI8465,AI8465,01407080 D,,,,NJ,MONMOUTH,KEYPORT (2016),40 26 55.95   (N),074 08 51.16   (W),40.4488750000,-74.1475444444,,NAD 83,(1986),,HD_HELD1,1.625,NAVD 88,,ADJUSTED,-32.343,GEOID18,1.624,980223.0,,,,,,,,1,2,,,,NJ,179411.7,179896.6,,,,,,,,B,1997,20180822,GOOD,NJGS,N,DO = NOT SPECIFIED OR SEE DESCRIPTION,36 = SET IN A MASSIVE STRUCTURE,01407080 D 1997
,20260103,http://www.ngs.noaa.gov/cgi-bin/ds_mark.prl?PidBox=AI8466,AI8466,01407080 E,,,,NJ,MONMOUTH,KEYPORT (2016),40 26 56.31   (N),074 08 50.67   (W),40.4489750000,-74.1474083333,,NAD 83,(1986),,HD_HELD1,1.727,NAVD 88,,ADJUSTED,-32.343,GEOID18,1.726,980223.0,,,,,,,,1,2,,,,NJ,179422.8,179908.1,,,,,,,,B,1997,20180822,GOOD,NJGS,Y,DO = NOT SPECIFIED OR SEE DESCRIPTION,37 = SET IN A MASSIVE RETAINING WALL,01407080 E 1997
,20260103,http://www.ngs.noaa.gov/cgi-bin/ds_mark.prl?PidBox=AI8470,AI8470,01407600 A,,,,NJ,MONMOUTH,LONG BRANCH EAST (2019),40 21 53.32   (N),073 58 28.87   (W),40.3648111111,-73.9746861111,,NAD 83,(1986),,HD_HELD1,2.005,NAVD 88,,ADJUSTED,-32.651,GEOID18,2.004,980178.5,,,,,,,,1,2,,,,NJ,170150.8,194614.6,,,,,,,,B,1997,20250822,GOOD,NJGS,Y,F = FLANGE-ENCASED ROD,59 = STAINLESS STEEL ROD IN SLEEVE (10 FT.+),01407600 A 1997
,20260103,http://www.ngs.noaa.gov/cgi-bin/ds_mark.prl?PidBox=AI8473,AI8473,01407770 A,,,,NJ,MONMOUTH,ASBURY PARK (2019),40 10 47.     (N),074 02 03.     (W),40.1797222222,-74.0341666667,,NAD 83,(1986),,SCALED,1.877,NAVD 88,,ADJUSTED,-32.893,GEOID18,1.876,980167.0,,,,,,,,1,2,,,,NJ,149570.,189670.,,,,,,,,B,1997,20080725,GOOD,NJGS,Y,F = FLANGE-ENCASED ROD,59 = STAINLESS STEEL ROD IN SLEEVE (10 FT.+),01407770 A 1997
,20260103,http://www.ngs.noaa.gov/cgi-bin/ds_mark.prl?PidBox=AI8476,AI8476,01408050 A,,,,NJ,OCEAN,POINT PLEASANT (2019),40 06 10.76   (N),074 02 14.27   (W),40.1029888889,-74.0372972222,,NAD 83,(1986),,HD_HELD1,2.135,NAVD 88,,ADJUSTED,-33.017,GEOID18,2.134,980156.9,,,,,,,,1,2,,,,NJ,141051.3,189448.7,,,,,,,,,1997,20180716,MARK NOT FOUND,NJGS,Y,,,01408050 A 1997
,20260103,http://www.ngs.noaa.gov/cgi-bin/ds_mark.prl?PidBox=AI7811,AI7811,01408200 A,,,,NJ,OCEAN,SEASIDE PARK (2019),39 56 18.95   (N),074 04 52.57   (W),39.9385972222,-74.0812694444,,NAD 83,(1986),,HD_HELD1,2.133,NAVD 88,,ADJUSTED,-33.099,GEOID18,2.132,980163.5,,,,,,,,1,2,,,,NJ,122781.2,185785.5,,,,,,,,B,1998,20160411,GOOD,NJGS,Y,F = FLANGE-ENCASED ROD,59 = STAINLESS STEEL ROD IN SLEEVE (10 FT.+),01408200 A 1998
,20260103,http://www.ngs.noaa.gov/cgi-bin/ds_mark.prl?PidBox=AI7812,AI7812,01408200 B,,,,NJ,OCEAN,SEASIDE PARK (2019),39 56 20.56639(N),074 04 48.17289(W),39.9390462194,-74.0800480250,-30.270,NAD 83,(2011),2010.00,ADJUSTED,2.821,NAVD 88,,ADJUSTED,-33.099,GEOID18,2.819,980163.5,0.95,1.92,0.43,0.34,0.98,-0.00041732,,1,2,1343227.015,-4709210.490,4072779.280,NJ,122831.578,185889.653,+0 16 10.6,0.99992060,18,4421397.075,578597.203,+0 35 26.2,0.99967605,B,1998,20190920,GOOD,NJGS,Y,F = FLANGE-ENCASED ROD,59 = STAINLESS STEEL ROD IN SLEEVE (10 FT.+),01408200 B 1998
,20260103,http://www.ngs.noaa.gov/cgi-bin/ds_mark.prl?PidBox=AI7813,AI7813,01408200 C,,,,NJ,OCEAN,SEASIDE PARK (2019),39 56 29.     (N),074 04 55.     (W),39.9413888889,-74.0819444444,,NAD 83,(1986),,SCALED,9.920,NAVD 88,,ADJUSTED,-33.097,GEOID18,9.916,980163.4,,,,,,,,1,2,,,,NJ,123090.,185730.,,,,,,,,B,1998,20070808,GOOD,NJGS,Y,DO = NOT SPECIFIED OR SEE DESCRIPTION,37 = SET IN A MASSIVE RETAINING WALL,01408200 C 1998
,20260103,http://www.ngs.noaa.gov/cgi-bin/ds_mark.prl?PidBox=AI7814,AI7814,01408200 D,,,,NJ,OCEAN,SEASIDE PARK (2019),39 56 14.45   (N),074 04 41.07   (W),39.9373472222,-74.0780750000,,NAD 83,(1986),,HD_HELD1,1.869,NAVD 88,,ADJUSTED,-33.101,GEOID18,1.868,980163.7,,,,,,,,1,2,,,,NJ,122643.7,186059.2,,,,,,,,,1998,20160106,MARK NOT FOUND,NJGS,N,,,01408200 D 1998
,20260103,http://www.ngs.noaa.gov/cgi-bin/ds_mark.prl?PidBox=AI9346,AI9346,01409110 A,,,,NJ,OCEAN,FORKED RIVER (2019),39 47 28.     (N),074 10 51.     (W),39.7911111111,-74.1808333333,,NAD 83,(1986),,SCALED,1.576,NAVD 88,,ADJUSTED,-33.156,GEOID18,1.576,980169.0,,,,,,,,1,2,,,,NJ,106370.,177340.,,,,,,,,B,1997,20040825,MARK NOT FOUND,USGS,Y,F = FLANGE-ENCASED ROD,59 = STAINLESS STEEL ROD IN SLEEVE (10 FT.+),01409110 A 1997
,20260103,http://www.ngs.noaa.gov/cgi-bin/ds_mark.prl?PidBox=AI9348,AI9348,01409110 C,,,,NJ,OCEAN,FORKED RIVER (2019),39 47 15.     (N),074 11 06.     (W),39.7875000000,-74.1850000000,,NAD 83,(1986),,SCALED,1.135,NAVD 88,,ADJUSTED,-33.156,GEOID18,1.134,980169.4,,,,,,,,1,2,,,,NJ,105970.,176980.,,,,,,,,D,1998,1998,MONUMENTED,NJGS,N,DD = SURVEY DISK,31 = SET IN A PAVEMENT SUCH AS STREET SIDEWALK CURB ETC.,01409110 C 1998
,20260103,http://www.ngs.noaa.gov/cgi-bin/ds_mark.prl?PidBox=AI9349,AI9349,01409110 D,,,,NJ,OCEAN,FORKED RIVER (2019),39 47 27.     (N),074 10 56.     (W),39.7908333333,-74.1822222222,,NAD 83,(1986),,SCALED,1.237,NAVD 88,,ADJUSTED,-33.155,GEOID18,1.236,980169.1,,,,,,,,1,2,,,,NJ,106340.,177220.,,,,,,,,D,1998,20060601,GOOD,INDIV,N,DD = SURVEY DISK,31 = SET IN A PAVEMENT SUCH AS STREET SIDEWALK CURB ETC.,01409110 D
,20260103,http://www.ngs.noaa.gov/cgi-bin/ds_mark.prl?PidBox=AH9163,AH9163,01410510 A,,,,NJ,ATLANTIC,PLEASANTVILLE (2019),39 25 20.26   (N),074 30 01.46   (W),39.4222944444,-74.5004055556,,NAD 83,(1986),,HD_HELD1,1.936,NAVD 88,,ADJUSTED,-34.061,GEOID18,1.935,980119.2,,,,,,,,1,2,,,,NJ,65378.7,149965.1,,,,,,,,B,1997,20190208,GOOD,BASE9,Y,F = FLANGE-ENCASED ROD,59 = STAINLESS STEEL ROD IN SLEEVE (10 FT.+),01410510 A 1997
,20260103,http://www.ngs.noaa.gov/cgi-bin/ds_mark.prl?PidBox=AH9164,AH9164,01410510 B,,,,NJ,ATLANTIC,PLEASANTVILLE (2019),39 25 20.75   (N),074 30 01.98   (W),39.4224305556,-74.5005500000,,NAD 83,(1986),,HD_HELD1,2.342,NAVD 88,,ADJUSTED,-34.060,GEOID18,2.341,980119.2,,,,,,,,1,2,,,,NJ,65393.8,149952.6,,,,,,,,B,1997,20190208,GOOD,BASE9,Y,DD = SURVEY DISK,38 = SET IN THE ABUTMENT OR PIER OF A LARGE BRIDGE,01410510 B 1997
,20260103,http://www.ngs.noaa.gov/cgi-bin/ds_mark.prl?PidBox=AH9165,AH9165,01410510 C,,,,NJ,ATLANTIC,PLEASANTVILLE (2019),39 25 21.83   (N),074 30 02.35   (W),39.4227305556,-74.5006527778,,NAD 83,(1986),,HD_HELD1,2.333,NAVD 88,,ADJUSTED,-34.058,GEOID18,2.332,980119.2,,,,,,,,1,2,,,,NJ,65427.1,149943.8,,,,,,,,B,1997,20190208,GOOD,BASE9,Y,DD = SURVEY DISK,38 = SET IN THE ABUTMENT OR PIER OF A LARGE BRIDGE,01410510 C 1997
,20260103,http://www.ngs.noaa.gov/cgi-bin/ds_mark.prl?PidBox=AH9170,AH9170,01410560 A,,,,NJ,ATLANTIC,ATLANTIC CITY (2019),39 21 06.39   (N),074 27 14.31   (W),39.3517750000,-74.4539750000,,NAD 83,(1986),,HD_HELD1,2.009,NAVD 88,,ADJUSTED,-34.439,GEOID18,2.008,980105.9,,,,,,,,1,2,,,,NJ,57551.2,153966.8,,,,,,,,A,1997,20170518,GOOD,NJGS,Y,F = FLANGE-ENCASED ROD,59 = STAINLESS STEEL ROD IN SLEEVE (10 FT.+),01410560 A 1997
,20260103,http://www.ngs.noaa.gov/cgi-bin/ds_mark.prl?PidBox=AH9166,AH9166,01410560 B,,,,NJ,ATLANTIC,ATLANTIC CITY (2019),39 21 19.05   (N),074 27 28.48   (W),39.3552916667,-74.4579111111,,NAD 83,(1986),,HD_HELD1,1.626,NAVD 88,,ADJUSTED,-34.419,GEOID18,1.626,980106.6,,,,,,,,1,2,,,,NJ,57941.4,153627.3,,,,,,,,C,1997,20170518,GOOD,NJGS,N,DD = SURVEY DISK,7 = SET IN TOP OF CONCRETE MONUMENT,01410560 B 1997
,20260103,http://www.ngs.noaa.gov/cgi-bin/ds_mark.prl?PidBox=AH9168,AH9168,01410560 C,,,,NJ,ATLANTIC,ATLANTIC CITY (2019),39 21 11.61   (N),074 27 22.26   (W),39.3532250000,-74.4561833333,,NAD 83,(1986),,HD_HELD1,3.307,NAVD 88,,ADJUSTED,-34.430,GEOID18,3.305,980106.2,,,,,,,,1,2,,,,NJ,57712.1,153776.4,,,,,,,,D,1997,20170518,GOOD,NJGS,Y,DD = SURVEY DISK,31 = SET IN A PAVEMENT SUCH AS STREET SIDEWALK CURB ETC.,01410560 C 1997
,20260103,http://www.ngs.noaa.gov/cgi-bin/ds_mark.prl?PidBox=AH9175,AH9175,01410600 A,,,,NJ,ATLANTIC,OCEANVILLE (2019),39 22 46.68182(N),074 25 28.32226(W),39.3796338389,-74.4245339611,-32.815,NAD 83,(2011),2010.00,ADJUSTED,1.556,NAVD 88,,ADJUSTED,-34.352,GEOID18,1.555,980109.0,0.99,2.04,0.45,0.35,1.04,0.00164837,,1,2,1325532.267,-4755383.712,4024962.159,NJ,60645.577,156501.624,+0 02 52.4,0.99990567,18,4359064.254,549563.398,+0 21 54.4,0.99963025,B,1997,20210609,GOOD,NJGS,Y,F = FLANGE-ENCASED ROD,59 = STAINLESS STEEL ROD IN SLEEVE (10 FT.+),0141600A 1997
,20260103,http://www.ngs.noaa.gov/cgi-bin/ds_mark.prl?PidBox=AH9171,AH9171,01410600 B,,,,NJ,ATLANTIC,OCEANVILLE (2019),39 22 39.87   (N),074 25 25.01   (W),39.3777416667,-74.4236138889,,NAD 83,(1986),,HD_HELD1,2.005,NAVD 88,,ADJUSTED,-34.361,GEOID18,2.004,980109.0,,,,,,,,1,2,,,,NJ,60435.6,156581.1,,,,,,,,C,1997,20170525,GOOD,NJGS,Y,DO = NOT SPECIFIED OR SEE DESCRIPTION,35 = SET IN A MAT FOUNDATION OR CONCRETE SLAB OTHER THAN PAVEMENT,01410600 B 1997
,20260103,http://www.ngs.noaa.gov/cgi-bin/ds_mark.prl?PidBox=AH9173,AH9173,01410600 C,,,,NJ,ATLANTIC,OCEANVILLE (2019),39 22 42.40   (N),074 25 23.57   (W),39.3784444444,-74.4232138889,,NAD 83,(1986),,HD_HELD1,2.270,NAVD 88,,ADJUSTED,-34.359,GEOID18,2.269,980109.2,,,,,,,,1,2,,,,NJ,60513.6,156615.5,,,,,,,,C,1997,20170525,GOOD,NJGS,Y,DD = SURVEY DISK,35 = SET IN A MAT FOUNDATION OR CONCRETE SLAB OTHER THAN PAVEMENT,01410600 C 1997
,20260103,http://www.ngs.noaa.gov/cgi-bin/ds_mark.prl?PidBox=AH9172,AH9172,01410600 D,,,,NJ,ATLANTIC,OCEANVILLE (2019),39 22 37.     (N),074 25 22.     (W),39.3769444444,-74.4227777778,,NAD 83,(1986),,SCALED,2.101,NAVD 88,,ADJUSTED,-34.366,GEOID18,2.100,980109.1,,,,,,,,2,1,,,,NJ,60350.,156650.,,,,,,,,,1997,20170306,MARK NOT FOUND,NJGS,Y,,,01410600 D 1997
,20260103,http://www.ngs.noaa.gov/cgi-bin/ds_mark.prl?PidBox=AH9174,AH9174,01410600 E,,,,NJ,ATLANTIC,OCEANVILLE (2019),39 22 41.74   (N),074 25 25.93   (W),39.3782611111,-74.4238694444,,NAD 83,(1986),,HD_HELD1,2.235,NAVD 88,,ADJUSTED,-34.359,GEOID18,2.234,980109.0,,,,,,,,1,2,,,,NJ,60493.2,156559.0,,,,,,,,D,1997,20170525,GOOD,NJGS,Y,DD = SURVEY DISK,31 = SET IN A PAVEMENT SUCH AS STREET SIDEWALK CURB ETC.,01410600 E 1997
,20260103,http://www.ngs.noaa.gov/cgi-bin/ds_mark.prl?PidBox=AH9192,AH9192,01411318 A,,,,NJ,CAPE MAY,MARMORA (2019),39 15 15.4    (N),074 37 40.5    (W),39.2542777778,-74.6279166667,,NAD 83,(1986),,HD_HELD2,1.319,NAVD 88,,ADJUSTED,-34.669,GEOID18,1.319,980093.8,,,,,,,,1,2,,,,NJ,46735.,138960.,,,,,,,,B,1997,20061019,POOR,USGS,N,DD = SURVEY DISK,36 = SET IN A MASSIVE STRUCTURE,01411318 A 1997
,20260103,http://www.ngs.noaa.gov/cgi-bin/ds_mark.prl?PidBox=AH9193,AH9193,01411318 B,,,,NJ,CAPE MAY,MARMORA (2019),39 15 14.01   (N),074 37 46.37   (W),39.2538916667,-74.6295472222,,NAD 83,(1986),,HD_HELD1,1.306,NAVD 88,,ADJUSTED,-34.669,GEOID18,1.306,980093.7,,,,,,,,1,2,,,,NJ,46692.2,138819.1,,,,,,,,C,1997,20140925,GOOD,NJGS,N,DD = SURVEY DISK,34 = SET IN THE FOOTINGS OF SMALL/MEDIUM STRUCTURES,01411318 B 1997
,20260103,http://www.ngs.noaa.gov/cgi-bin/ds_mark.prl?PidBox=AH9194,AH9194,01411318 C,,,,NJ,CAPE MAY,MARMORA (2019),39 15 12.56   (N),074 37 47.14   (W),39.2534888889,-74.6297611111,,NAD 83,(1986),,HD_HELD1,2.249,NAVD 88,,ADJUSTED,-34.670,GEOID18,2.248,980093.6,,,,,,,,1,2,,,,NJ,46647.5,138800.6,,,,,,,,B,1997,20140925,GOOD,NJGS,N,DD = SURVEY DISK,36 = SET IN A MASSIVE STRUCTURE,01411318 C 1997
,20260103,http://www.ngs.noaa.gov/cgi-bin/ds_mark.prl?PidBox=AH9195,AH9195,01411318 D,,,,NJ,CAPE MAY,MARMORA (2019),39 15 11.     (N),074 37 47.     (W),39.2530555556,-74.6297222222,,NAD 83,(1986),,SCALED,5.018,NAVD 88,,ADJUSTED,-34.672,GEOID18,5.015,980093.8,,,,,,,,1,2,,,,NJ,46600.,138800.,,,,,,,,B,1997,20061019,MARK NOT FOUND,USGS,N,DD = SURVEY DISK,38 = SET IN THE ABUTMENT OR PIER OF A LARGE BRIDGE,01411318 D 1997
,20260103,http://www.ngs.noaa.gov/cgi-bin/ds_mark.prl?PidBox=AH9196,AH9196,01411318 E,,,,NJ,CAPE MAY,MARMORA (2019),39 15 16.28   (N),074 37 53.31   (W),39.2545222222,-74.6314750000,,NAD 83,(1986),,HD_HELD1,1.665,NAVD 88,,ADJUSTED,-34.664,GEOID18,1.664,980093.8,,,,,,,,1,2,,,,NJ,46762.4,138652.8,,,,,,,,D,1997,20140925,GOOD,NJGS,N,DD = SURVEY DISK,31 = SET IN A PAVEMENT SUCH AS STREET SIDEWALK CURB ETC.,01411318 E 1997
,20260103,http://www.ngs.noaa.gov/cgi-bin/ds_mark.prl?PidBox=AI9360,AI9360,01411330 A,,,,NJ,ATLANTIC,OCEAN CITY (2019),39 20 14.     (N),074 30 48.     (W),39.3372222222,-74.5133333333,,NAD 83,(1986),,SCALED,2.800,NAVD 88,,ADJUSTED,-34.431,GEOID18,2.799,980106.1,,,,,,,,1,2,,,,NJ,55940.,148850.,,,,,,,,B,1997,20030917,GOOD,USGS,N,DD = SURVEY DISK,38 = SET IN THE ABUTMENT OR PIER OF A LARGE BRIDGE,01411330 A 1997
,20260103,http://www.ngs.noaa.gov/cgi-bin/ds_mark.prl?PidBox=AI9361,AI9361,01411330 B,,,,NJ,ATLANTIC,OCEAN CITY (2019),39 20 11.     (N),074 30 45.     (W),39.3363888889,-74.5125000000,,NAD 83,(1986),,SCALED,1.286,NAVD 88,,ADJUSTED,-34.436,GEOID18,1.285,980106.0,,,,,,,,1,2,,,,NJ,55840.,148920.,,,,,,,,D,1997,20030917,GOOD,USGS,Y,DD = SURVEY DISK,31 = SET IN A PAVEMENT SUCH AS STREET SIDEWALK CURB ETC.,01411330 B 1997
,20260103,http://www.ngs.noaa.gov/cgi-bin/ds_mark.prl?PidBox=AI9362,AI9362,01411330 C,,,,NJ,ATLANTIC,OCEAN CITY (2019),39 20 00.4    (N),074 30 32.5    (W),39.3334444444,-74.5090277778,,NAD 83,(1986),,HD_HELD2,2.181,NAVD 88,,ADJUSTED,-34.453,GEOID18,2.180,980105.8,,,,,,,,1,2,,,,NJ,55515.,149222.,,,,,,,,C,1997,20030917,GOOD,USGS,N,DD = SURVEY DISK,35 = SET IN A MAT FOUNDATION OR CONCRETE SLAB OTHER THAN PAVEMENT,01411330 C 1997
,20260103,http://www.ngs.noaa.gov/cgi-bin/ds_mark.prl?PidBox=AI9363,AI9363,01411330 D,,,,NJ,ATLANTIC,OCEAN CITY (2019),39 20 08.     (N),074 30 40.     (W),39.3355555556,-74.5111111111,,NAD 83,(1986),,SCALED,2.135,NAVD 88,,ADJUSTED,-34.441,GEOID18,2.134,980105.8,,,,,,,,1,2,,,,NJ,55750.,149040.,,,,,,,,C,1997,20030917,GOOD,USGS,N,DD = SURVEY DISK,35 = SET IN A MAT FOUNDATION OR CONCRETE SLAB OTHER THAN PAVEMENT,01411330 D 1997
,20260103,http://www.ngs.noaa.gov/cgi-bin/ds_mark.prl?PidBox=AI9364,AI9364,01411330 E,,,,NJ,ATLANTIC,OCEAN CITY (2019),39 19 54.60   (N),074 30 24.97   (W),39.3318333333,-74.5069361111,,NAD 83,(1986),,HD_HELD1,1.926,NAVD 88,,ADJUSTED,-34.463,GEOID18,1.925,980105.2,,,,,,,,1,2,,,,NJ,55336.5,149402.0,,,,,,,,B,1997,20180411,GOOD,NJGS,Y,F = FLANGE-ENCASED ROD,59 = STAINLESS STEEL ROD IN SLEEVE (10 FT.+),01411330 E 1997
,20260103,http://www.ngs.noaa.gov/cgi-bin/ds_mark.prl?PidBox=AI9365,AI9365,01411350 A,,,,NJ,CAPE MAY,SEA ISLE CITY (2019),39 09 28.8    (N),074 41 51.4    (W),39.1580000000,-74.6976111111,,NAD 83,(1986),,HD_HELD2,1.353,NAVD 88,,ADJUSTED,-35.006,GEOID18,1.352,980075.7,,,,,,,,1,2,,,,NJ,36058.,132921.,,,,,,,,D,1997,20080716,POOR,UE,N,DO = NOT SPECIFIED OR SEE DESCRIPTION,31 = SET IN A PAVEMENT SUCH AS STREET SIDEWALK CURB ETC.,01411350 A 1997
,20260103,http://www.ngs.noaa.gov/cgi-bin/ds_mark.prl?PidBox=AI9366,AI9366,01411350 B,,,,NJ,CAPE MAY,SEA ISLE CITY (2019),39 09 29.3    (N),074 41 48.0    (W),39.1581388889,-74.6966666667,,NAD 83,(1986),,HD_HELD2,4.752,NAVD 88,,ADJUSTED,-35.006,GEOID18,4.749,980075.8,,,,,,,,1,2,,,,NJ,36073.,133003.,,,,,,,,D,1997,20120516,GOOD,NJGS,N,DO = NOT SPECIFIED OR SEE DESCRIPTION,31 = SET IN A PAVEMENT SUCH AS STREET SIDEWALK CURB ETC.,01411350 B 1997
,20260103,http://www.ngs.noaa.gov/cgi-bin/ds_mark.prl?PidBox=AI9367,AI9367,01411350 C,,,,NJ,CAPE MAY,SEA ISLE CITY (2019),39 09 29.88845(N),074 41 51.27222(W),39.1583023472,-74.6975756167,-33.802,NAD 83,(2011),2010.00,ADJUSTED,1.196,NAVD 88,,ADJUSTED,-35.004,GEOID18,1.195,980075.7,0.87,1.76,0.39,0.31,0.90,-0.05665026,,1,2,1306960.157,-4776647.595,4005938.140,NJ,36091.549,132924.639,-0 07 29.1,0.99990889,18,4334387.349,526129.029,+0 11 27.5,0.99960841,B,1997,20200402,GOOD,NJGS,Y,DD = SURVEY DISK,59 = STAINLESS STEEL ROD IN SLEEVE (10 FT.+),01411350 C 1997
,20260103,http://www.ngs.noaa.gov/cgi-bin/ds_mark.prl?PidBox=AI9372,AI9372,01411355 A,,,,NJ,CAPE MAY,AVALON (2019),39 06 37.9    (N),074 44 03.0    (W),39.1105277778,-74.7341666667,,NAD 83,(1986),,HD_HELD2,1.457,NAVD 88,,ADJUSTED,-35.162,GEOID18,1.456,980067.9,,,,,,,,1,2,,,,NJ,30796.,129749.,,,,,,,,C,1997,20081014,GOOD,GEOCAC,Y,DD = SURVEY DISK,35 = SET IN A MAT FOUNDATION OR CONCRETE SLAB OTHER THAN PAVEMENT,01411355 A 1997
,20260103,http://www.ngs.noaa.gov/cgi-bin/ds_mark.prl?PidBox=AI9373,AI9373,01411355 B,,,,NJ,CAPE MAY,AVALON (2019),39 06 36.3    (N),074 44 03.9    (W),39.1100833333,-74.7344166667,,NAD 83,(1986),,HD_HELD2,1.203,NAVD 88,,ADJUSTED,-35.164,GEOID18,1.202,980067.8,,,,,,,,1,2,,,,NJ,30746.,129727.,,,,,,,,C,1997,20081014,GOOD,GEOCAC,Y,DD = SURVEY DISK,35 = SET IN A MAT FOUNDATION OR CONCRETE SLAB OTHER THAN PAVEMENT,01411355 B 1997
,20260103,http://www.ngs.noaa.gov/cgi-bin/ds_mark.prl?PidBox=AI9374,AI9374,01411355 C,,,,NJ,CAPE MAY,AVALON (2019),39 06 38.8    (N),074 44 05.6    (W),39.1107777778,-74.7348888889,,NAD 83,(1986),,HD_HELD2,1.677,NAVD 88,,ADJUSTED,-35.161,GEOID18,1.676,980067.9,,,,,,,,1,2,,,,NJ,30824.,129686.,,,,,,,,D,1997,20240917,GOOD,BASE9,N,DD = SURVEY DISK,31 = SET IN A PAVEMENT SUCH AS STREET SIDEWALK CURB ETC.,01411355 C 1997
,20260103,http://www.ngs.noaa.gov/cgi-bin/ds_mark.prl?PidBox=AI9375,AI9375,01411355 D,,,,NJ,CAPE MAY,AVALON (2019),39 06 36.76   (N),074 44 04.86   (W),39.1102111111,-74.7346833333,,NAD 83,(1986),,HD_HELD1,1.485,NAVD 88,,ADJUSTED,-35.163,GEOID18,1.484,980067.8,,,,,,,,1,2,,,,NJ,30760.7,129703.8,,,,,,,,C,1997,20240917,GOOD,BASE9,Y,DD = SURVEY DISK,35 = SET IN A MAT FOUNDATION OR CONCRETE SLAB OTHER THAN PAVEMENT,01411355 D 1997
,20260103,http://www.ngs.noaa.gov/cgi-bin/ds_mark.prl?PidBox=AI9376,AI9376,01411355 E,,,,NJ,CAPE MAY,AVALON (2019),39 06 34.     (N),074 44 08.     (W),39.1094444444,-74.7355555556,,NAD 83,(1986),,SCALED,1.327,NAVD 88,,ADJUSTED,-35.165,GEOID18,1.326,980067.8,,,,,,,,1,2,,,,NJ,30680.,129630.,,,,,,,,C,1997,20030826,MARK NOT FOUND,USGS,N,DD = SURVEY DISK,35 = SET IN A MAT FOUNDATION OR CONCRETE SLAB OTHER THAN PAVEMENT,01411355 E 1997
,20260103,http://www.ngs.noaa.gov/cgi-bin/ds_mark.prl?PidBox=AH9176,AH9176,01411360 A,,,,NJ,CAPE MAY,STONE HARBOR (2019),39 03 22.47   (N),074 45 51.10   (W),39.0562416667,-74.7641944444,,NAD 83,(1986),,HD_HELD1,2.185,NAVD 88,,ADJUSTED,-35.323,GEOID18,2.184,980060.1,,,,,,,,1,2,,,,NJ,24776.8,127134.2,,,,,,,,B,1997,20130613,GOOD,NJGS,Y,DD = SURVEY DISK,38 = SET IN THE ABUTMENT OR PIER OF A LARGE BRIDGE,01411360 A 1997
,20260103,http://www.ngs.noaa.gov/cgi-bin/ds_mark.prl?PidBox=AI9383,AI9383,01411382 A,,,,NJ,CAPE MAY,WILDWOOD (2019),38 59 25.49   (N),074 50 11.24   (W),38.9904138889,-74.8364555556,,NAD 83,(1986),,HD_HELD1,1.489,NAVD 88,,ADJUSTED,-35.460,GEOID18,1.488,980052.4,,,,,,,,1,2,,,,NJ,17490.2,120853.0,,,,,,,,D,1997,20030909,GOOD,USGS,Y,DD = SURVEY DISK,31 = SET IN A PAVEMENT SUCH AS STREET SIDEWALK CURB ETC.,01411382 A 1997
,20260103,http://www.ngs.noaa.gov/cgi-bin/ds_mark.prl?PidBox=AI9384,AI9384,01411382 B,,,,NJ,CAPE MAY,WILDWOOD (2019),38 59 28.57   (N),074 50 13.99   (W),38.9912694444,-74.8372194444,,NAD 83,(1986),,HD_HELD1,1.432,NAVD 88,,ADJUSTED,-35.457,GEOID18,1.431,980052.5,,,,,,,,1,2,,,,NJ,17585.4,120787.2,,,,,,,,C,1997,20071007,GOOD,GEOCAC,Y,DD = SURVEY DISK,35 = SET IN A MAT FOUNDATION OR CONCRETE SLAB OTHER THAN PAVEMENT,01411382 B 1997
,20260103,http://www.ngs.noaa.gov/cgi-bin/ds_mark.prl?PidBox=AI9385,AI9385,01411382 C,,,,NJ,CAPE MAY,WILDWOOD (2019),38 59 21.42   (N),074 50 13.14   (W),38.9892833333,-74.8369833333,,NAD 83,(1986),,HD_HELD1,1.270,NAVD 88,,ADJUSTED,-35.463,GEOID18,1.269,980052.4,,,,,,,,1,2,,,,NJ,17364.9,120806.8,,,,,,,,D,1997,20071007,GOOD,GEOCAC,Y,DD = SURVEY DISK,31 = SET IN A PAVEMENT SUCH AS STREET SIDEWALK CURB ETC.,01411382 C 1997
,20260103,http://www.ngs.noaa.gov/cgi-bin/ds_mark.prl?PidBox=AI9386,AI9386,01411382 D,,,,NJ,CAPE MAY,WILDWOOD (2019),38 59 21.8    (N),074 50 14.4    (W),38.9893888889,-74.8373333333,,NAD 83,(1986),,HD_HELD2,1.347,NAVD 88,,ADJUSTED,-35.463,GEOID18,1.346,980052.4,,,,,,,,1,2,,,,NJ,17377.,120777.,,,,,,,,D,1997,20071007,POOR,GEOCAC,Y,DD = SURVEY DISK,31 = SET IN A PAVEMENT SUCH AS STREET SIDEWALK CURB ETC.,01411382 D 1997
,20260103,http://www.ngs.noaa.gov/cgi-bin/ds_mark.prl?PidBox=AI9387,AI9387,01411382 E,,,,NJ,CAPE MAY,WILDWOOD (2019),38 59 26.32   (N),074 50 04.71   (W),38.9906444444,-74.8346416667,,NAD 83,(1986),,HD_HELD1,3.110,NAVD 88,,ADJUSTED,-35.461,GEOID18,3.108,980052.5,,,,,,,,1,2,,,,NJ,17515.2,121010.2,,,,,,,,C,1997,20071007,GOOD,GEOCAC,Y,DD = SURVEY DISK,32 = SET IN A RETAINING WALL OR CONCRETE LEDGE,01411382 E 1997
,20260103,http://www.ngs.noaa.gov/cgi-bin/ds_mark.prl?PidBox=AI9391,AI9391,01411382 F,,,,NJ,CAPE MAY,WILDWOOD (2019),38 58 53.     (N),074 49 09.     (W),38.9813888889,-74.8191666667,,NAD 83,(1986),,SCALED,2.311,NAVD 88,,ADJUSTED,-35.501,GEOID18,2.310,980051.4,,,,,,,,1,2,,,,NJ,16480.,122350.,,,,,,,,B,1998,20030424,GOOD,NJGS,N,F = FLANGE-ENCASED ROD,59 = STAINLESS STEEL ROD IN SLEEVE (10 FT.+),01411382 F 1998
,20260103,http://www.ngs.noaa.gov/cgi-bin/ds_mark.prl?PidBox=AI9405,AI9405,01411382 G,,,,NJ,CAPE MAY,WILDWOOD (2019),38 59 25.     (N),074 49 59.     (W),38.9902777778,-74.8330555556,,NAD 83,(1986),,SCALED,9.657,NAVD 88,,ADJUSTED,-35.464,GEOID18,9.652,980052.5,,,,,,,,1,2,,,,NJ,17470.,121150.,,,,,,,,B,1998,20080515,GOOD,INDIV,N,DO = NOT SPECIFIED OR SEE DESCRIPTION,38 = SET IN THE ABUTMENT OR PIER OF A LARGE BRIDGE,01411382 G 1998
,20260103,http://www.ngs.noaa.gov/cgi-bin/ds_mark.prl?PidBox=AI9406,AI9406,01411382 H,,,,NJ,CAPE MAY,WILDWOOD (2019),38 59 11.9    (N),074 49 39.2    (W),38.9866388889,-74.8275555556,,NAD 83,(1986),,HD_HELD2,1.880,NAVD 88,,ADJUSTED,-35.480,GEOID18,1.879,980052.0,,,,,,,,1,2,,,,NJ,17068.,121623.,,,,,,,,C,1998,20071007,GOOD,GEOCAC,N,DD = SURVEY DISK,35 = SET IN A MAT FOUNDATION OR CONCRETE SLAB OTHER THAN PAVEMENT,01411382 H 1998
,20260103,http://www.ngs.noaa.gov/cgi-bin/ds_mark.prl?PidBox=AI9713,AI9713,01411435 A,,,,NJ,CAPE MAY,WOODBINE (2019),39 09 42.68   (N),074 49 55.43   (W),39.1618555556,-74.8320638889,,NAD 83,(1986),,HD_HELD1,2.299,NAVD 88,,ADJUSTED,-34.893,GEOID18,2.298,980079.5,,,,,,,,1,2,,,,NJ,36519.9,121303.0,,,,,,,,B,1997,20180511,GOOD,NJGS,N,DD = SURVEY DISK,38 = SET IN THE ABUTMENT OR PIER OF A LARGE BRIDGE,01411435 A 1997
,20260103,http://www.ngs.noaa.gov/cgi-bin/ds_mark.prl?PidBox=AI9722,AI9722,01412150 A,,,,NJ,CUMBERLAND,PORT NORRIS (2019),39 13 57.     (N),075 02 05.     (W),39.2325000000,-75.0347222222,,NAD 83,(1986),,SCALED,1.422,NAVD 88,,ADJUSTED,-34.481,GEOID18,1.421,980094.2,,,,,,,,1,2,,,,NJ,44450.,103840.,,,,,,,,C,1997,20041022,POOR,USGS,N,DO = NOT SPECIFIED OR SEE DESCRIPTION,35 = SET IN A MAT FOUNDATION OR CONCRETE SLAB OTHER THAN PAVEMENT,01412150 A 1997
,20260103,http://www.ngs.noaa.gov/cgi-bin/ds_mark.prl?PidBox=AI9723,AI9723,01412150 C,,,,NJ,CUMBERLAND,PORT NORRIS (2019),39 14 03.     (N),075 01 56.     (W),39.2341666667,-75.0322222222,,NAD 83,(1986),,SCALED,1.503,NAVD 88,,ADJUSTED,-34.476,GEOID18,1.502,980094.4,,,,,,,,1,2,,,,NJ,44630.,104050.,,,,,,,,D,1997,20041022,GOOD,USGS,N,DO = NOT SPECIFIED OR SEE DESCRIPTION,35 = SET IN A MAT FOUNDATION OR CONCRETE SLAB OTHER THAN PAVEMENT,01412150 C 1997
,20260103,http://www.ngs.noaa.gov/cgi-bin/ds_mark.prl?PidBox=AI9724,AI9724,01412150 D,,,,NJ,CUMBERLAND,PORT NORRIS (2019),39 14 43.04   (N),075 01 47.02   (W),39.2452888889,-75.0297277778,,NAD 83,(1986),,HD_HELD1,3.004,NAVD 88,,ADJUSTED,-34.435,GEOID18,3.003,980096.6,,,,,,,,1,2,,,,NJ,45862.9,104274.9,,,,,,,,B,1998,20200501,GOOD,NJGS,Y,F = FLANGE-ENCASED ROD,59 = STAINLESS STEEL ROD IN SLEEVE (10 FT.+),01412150 D 1998
,20260103,http://www.ngs.noaa.gov/cgi-bin/ds_mark.prl?PidBox=AI9738,AI9738,01413038 A,,,,NJ,CUMBERLAND,SHILOH (2019),39 22 49.1    (N),075 21 19.8    (W),39.3803055556,-75.3555000000,,NAD 83,(1986),,HD_HELD2,1.255,NAVD 88,,ADJUSTED,-33.887,GEOID18,1.254,980115.8,,,,,,,,2,1,,,,NJ,61067.,76296.,,,,,,,,C,1997,20051028,GOOD,USGS,N,DO = NOT SPECIFIED OR SEE DESCRIPTION,35 = SET IN A MAT FOUNDATION OR CONCRETE SLAB OTHER THAN PAVEMENT,01413038 A 1997
,20260103,http://www.ngs.noaa.gov/cgi-bin/ds_mark.prl?PidBox=AI9739,AI9739,01413038 B,,,,NJ,CUMBERLAND,SHILOH (2019),39 22 46.0    (N),075 21 21.5    (W),39.3794444444,-75.3559722222,,NAD 83,(1986),,HD_HELD2,1.944,NAVD 88,,ADJUSTED,-33.889,GEOID18,1.943,980115.7,,,,,,,,2,1,,,,NJ,60971.,76255.,,,,,,,,D,1997,20070703,GOOD,UE,N,DD = SURVEY DISK,31 = SET IN A PAVEMENT SUCH AS STREET SIDEWALK CURB ETC.,01413038 B 1997
,20260103,http://www.ngs.noaa.gov/cgi-bin/ds_mark.prl?PidBox=AI9740,AI9740,01413038 C,,,,NJ,CUMBERLAND,SHILOH (2019),39 22 46.9    (N),075 21 20.4    (W),39.3796944444,-75.3556666667,,NAD 83,(1986),,HD_HELD2,1.569,NAVD 88,,ADJUSTED,-33.888,GEOID18,1.568,980115.7,,,,,,,,2,1,,,,NJ,60999.,76281.,,,,,,,,C,1997,20070703,GOOD,UE,N,DD = SURVEY DISK,35 = SET IN A MAT FOUNDATION OR CONCRETE SLAB OTHER THAN PAVEMENT,01413038 C 1997
,20260103,http://www.ngs.noaa.gov/cgi-bin/ds_mark.prl?PidBox=AI9741,AI9741,01413038 D,,,,NJ,CUMBERLAND,SHILOH (2019),39 22 42.4    (N),075 21 22.8    (W),39.3784444444,-75.3563333333,,NAD 83,(1986),,HD_HELD2,1.487,NAVD 88,,ADJUSTED,-33.890,GEOID18,1.486,980115.6,,,,,,,,2,1,,,,NJ,60861.,76223.,,,,,,,,C,1997,20070703,GOOD,UE,N,DD = SURVEY DISK,35 = SET IN A MAT FOUNDATION OR CONCRETE SLAB OTHER THAN PAVEMENT,01413038 D 1997
,20260103,http://www.ngs.noaa.gov/cgi-bin/ds_mark.prl?PidBox=AI9742,AI9742,01413038 E,,,,NJ,CUMBERLAND,SHILOH (2019),39 22 37.66   (N),075 21 20.81   (W),39.3771277778,-75.3557805556,,NAD 83,(1986),,HD_HELD1,1.266,NAVD 88,,ADJUSTED,-33.893,GEOID18,1.265,980115.4,,,,,,,,2,1,,,,NJ,60714.0,76268.8,,,,,,,,B,1997,20070703,GOOD,UE,N,DD = SURVEY DISK,36 = SET IN A MASSIVE STRUCTURE,01413038 E 1997
,20260103,http://www.ngs.noaa.gov/cgi-bin/ds_mark.prl?PidBox=AI9752,AI9752,01413038 F,,,,NJ,CUMBERLAND,SHILOH (2019),39 22 44.2    (N),075 22 05.4    (W),39.3789444444,-75.3681666667,,NAD 83,(1986),,HD_HELD2,4.589,NAVD 88,,ADJUSTED,-33.887,GEOID18,4.587,980115.1,,,,,,,,2,1,,,,NJ,60926.,75204.,,,,,,,,A,1998,20070703,GOOD,UE,N,F = FLANGE-ENCASED ROD,59 = STAINLESS STEEL ROD IN SLEEVE (10 FT.+),01413038 F 1998
,20260103,http://www.ngs.noaa.gov/cgi-bin/ds_mark.prl?PidBox=AI9754,AI9754,01464598 A,,,,NJ,BURLINGTON,BEVERLY (2016),40 04 29.     (N),074 52 33.     (W),40.0747222222,-74.8758333333,,NAD 83,(1986),,SCALED,2.938,NAVD 88,,ADJUSTED,-32.882,GEOID18,2.936,980192.2,,,,,,,,1,2,,,,NJ,137880.,117940.,,,,,,,,A,1998,1998,MONUMENTED,NJGS,N,DD = SURVEY DISK,40 = SET IN A LARGE STRUCTURE WITH DEEP FOUNDATIONS,01464598 A 1998
,20260103,http://www.ngs.noaa.gov/cgi-bin/ds_mark.prl?PidBox=AI9755,AI9755,01464598 B,,,,NJ,BURLINGTON,BEVERLY (2016),40 04 33.     (N),074 52 48.     (W),40.0758333333,-74.8800000000,,NAD 83,(1986),,SCALED,3.806,NAVD 88,,ADJUSTED,-32.891,GEOID18,3.804,980191.7,,,,,,,,1,2,,,,NJ,138000.,117590.,,,,,,,,A,1998,1998,MONUMENTED,NJGS,N,DD = SURVEY DISK,40 = SET IN A LARGE STRUCTURE WITH DEEP FOUNDATIONS,01464598 B 1998
,20260103,http://www.ngs.noaa.gov/cgi-bin/ds_mark.prl?PidBox=AB6699,AB6699,0777,,,,NJ,MERCER,PRINCETON (2019),40 21 05.28   (N),074 39 14.29   (W),40.3514666667,-74.6539694444,,NAD 83,(1986),,HD_HELD1,58.931,NAVD 88,,ADJUSTED,-33.285,GEOID18,58.904,980163.2,,,,,,,,1,2,,,,NJ,168548.0,136920.9,,,,,,,,D,1992,20221012,GOOD,NJGS,Y,DD = SURVEY DISK,31 = SET IN A PAVEMENT SUCH AS STREET SIDEWALK CURB ETC.,0777 1992
,20260103,http://www.ngs.noaa.gov/cgi-bin/ds_mark.prl?PidBox=AB6697,AB6697,0784,,,,NJ,MERCER,PRINCETON (2019),40 21 24.     (N),074 39 17.     (W),40.3566666667,-74.6547222222,,NAD 83,(1986),,SCALED,53.060,NAVD 88,,ADJUSTED,-33.298,GEOID18,53.035,980162.1,,,,,,,,1,2,,,,NJ,169130.,136860.,,,,,,,,D,1992,19950525,GOOD,NJGS,N,DD = SURVEY DISK,31 = SET IN A PAVEMENT SUCH AS STREET SIDEWALK CURB ETC.,0784 1992
,20260103,http://www.ngs.noaa.gov/cgi-bin/ds_mark.prl?PidBox=LY0684,LY0684,1,,,,NJ,SUSSEX,FRANKLIN (2019),41 06 31.     (N),074 35 24.     (W),41.1086111111,-74.5900000000,,NAD 83,(1986),,SCALED,170.224,NAVD 88,,ADJUSTED,-32.498,GEOID18,170.150,980184.6,,,,,,,,1,2,,,,NJ,252610.,142440.,,,,,,,,D,UNK,1934,GOOD,CGS,,R = RIVET,30 = SET IN A LIGHT STRUCTURE,
,20260103,http://www.ngs.noaa.gov/cgi-bin/ds_mark.prl?PidBox=KV0894,KV0894,1,,,,NJ,MONMOUTH,LONG BRANCH WEST (2016),40 19 44.84983(N),074 00 44.47591(W),40.3291249528,-74.0123544194,,NAD 83,(1996),,NO CHECK,1.433,NAVD 88,,ADJUSTED,-32.649,GEOID18,1.432,980184.9,,,,,,,3,1,2,,,,NJ,166170.186,191437.261,+0 18 56.2,0.99992603,18,4464755.921,583899.664,+0 38 21.2,0.99968665,,UNK,20171106,MARK NOT FOUND,NJGS,Y,,,1
,20260103,http://www.ngs.noaa.gov/cgi-bin/ds_mark.prl?PidBox=DP5334,DP5334,1 3/09,,,,NJ,CAPE MAY,SEA ISLE CITY (2019),39 10 32.06   (N),074 40 33.20   (W),39.1755722222,-74.6758888889,,NAD 83,(1986),,HD_HELD1,1.888,NAVD 88,,ADJUSTED,-34.952,GEOID18,1.887,980079.0,,,,,,,,1,2,,,,NJ,38004.8,134802.6,,,,,,,,D,UNK,20140804,GOOD,NJGS,Y,DD = SURVEY DISK,9 = POST (STONE OR PRECAST CONCRETE),1 3/09
,20260103,http://www.ngs.noaa.gov/cgi-bin/ds_mark.prl?PidBox=JU4226,JU4226,1 A 1,,,,NJ,ATLANTIC,MAYS LANDING (2019),39 25 50.13579(N),074 44 14.68204(W),39.4305932750,-74.7374116778,-32.024,NAD 83,(2011),2010.00,ADJUSTED,1.913,NAVD 88,,ADJUSTED,-33.961,GEOID18,1.912,980120.2,0.47,0.90,0.21,0.17,0.46,-0.00261772,,1,2,1298599.418,-4759086.958,4029334.198,NJ,66326.871,129561.147,-0 09 02.8,0.99991016,18,4364594.644,522599.539,+0 10 00.4,0.99960629,B,1990,20190718,GOOD,NJGS,Y,DD = SURVEY DISK,38 = SET IN THE ABUTMENT OR PIER OF A LARGE BRIDGE,1 A 1 1990
,20260103,http://www.ngs.noaa.gov/cgi-bin/ds_mark.prl?PidBox=DK6541,DK6541,1 A 2,,,,NJ,ATLANTIC,HAMMONTON (2019),39 38 05.     (N),074 48 16.     (W),39.6347222222,-74.8044444444,,NAD 83,(1986),,SCALED,30.829,NAVD 88,,ADJUSTED,-33.422,GEOID18,30.814,980132.7,,,,,,,,1,2,,,,NJ,89010.,123870.,,,,,,,,C,20060921,20100324,GOOD,NJGS,N,DD = SURVEY DISK,34 = SET IN THE FOOTINGS OF SMALL/MEDIUM STRUCTURES,1 A 2 2006
,20260103,http://www.ngs.noaa.gov/cgi-bin/ds_mark.prl?PidBox=DN8278,DN8278,1 A 3,,,,NJ,ATLANTIC,PLEASANTVILLE (2019),39 26 06.27   (N),074 30 57.06   (W),39.4350750000,-74.5158500000,,NAD 83,(1986),,HD_HELD1,5.276,NAVD 88,,ADJUSTED,-33.988,GEOID18,5.274,980121.8,,,,,,,,1,2,,,,NJ,66797.6,148635.6,,,,,,,,C,UNK,20100510,GOOD,NJGS,Y,DD = SURVEY DISK,7 = SET IN TOP OF CONCRETE MONUMENT,1 A 3 2010
,20260103,http://www.ngs.noaa.gov/cgi-bin/ds_mark.prl?PidBox=DN8304,DN8304,1 A 4,,,,NJ,ATLANTIC,OCEANVILLE (2019),39 25 14.     (N),074 29 47.     (W),39.4205555556,-74.4963888889,,NAD 83,(1986),,SCALED,0.874,NAVD 88,,ADJUSTED,-34.073,GEOID18,0.873,980119.1,,,,,,,,1,2,,,,NJ,65190.,150310.,,,,,,,,B,20100920,20230301,MARK NOT FOUND,NJGS,Y,DD = SURVEY DISK,37 = SET IN A MASSIVE RETAINING WALL,1 A 4 2010
,20260103,http://www.ngs.noaa.gov/cgi-bin/ds_mark.prl?PidBox=DQ8257,DQ8257,1 A 5,,,,NJ,ATLANTIC,ATLANTIC CITY (2019),39 21 34.71   (N),074 26 04.38   (W),39.3596416667,-74.4345500000,,NAD 83,(1986),,HD_HELD1,2.930,NAVD 88,,ADJUSTED,-34.426,GEOID18,2.929,980106.4,,,,,,,,1,2,,,,NJ,58425.5,155640.3,,,,,,,,C,20170518,20170518,MONUMENTED,NJGS,N,DD = SURVEY DISK,35 = SET IN A MAT FOUNDATION OR CONCRETE SLAB OTHER THAN PAVEMENT,1 A 5 2017
,20260103,http://www.ngs.noaa.gov/cgi-bin/ds_mark.prl?PidBox=DQ8283,DQ8283,1 A 6,,,,NJ,ATLANTIC,ATLANTIC CITY (2019),39 22 01.04   (N),074 28 21.13   (W),39.3669555556,-74.4725361111,,NAD 83,(1986),,HD_HELD1,2.860,NAVD 88,,ADJUSTED,-34.352,GEOID18,2.859,980108.9,,,,,,,,1,2,,,,NJ,59235.8,152366.5,,,,,,,,D,20170505,20240409,GOOD,NJGS,Y,DD = SURVEY DISK,31 = SET IN A PAVEMENT SUCH AS STREET SIDEWALK CURB ETC.,1 A 6 2017
,20260103,http://www.ngs.noaa.gov/cgi-bin/ds_mark.prl?PidBox=DR7228,DR7228,1 A 7,,,,NJ,ATLANTIC,BRIGANTINE INLET (2019),39 25 03.19   (N),074 21 10.33   (W),39.4175527778,-74.3528694444,,NAD 83,(1986),,HD_HELD1,3.630,NAVD 88,,ADJUSTED,-34.275,GEOID18,3.628,980116.6,,,,,,,,1,2,,,,NJ,64862.6,162668.9,,,,,,,,D,UNK,20210607,GOOD,NJGS,Y,DD = SURVEY DISK,31 = SET IN A PAVEMENT SUCH AS STREET SIDEWALK CURB ETC.,1 A 7 2021
,20260103,http://www.ngs.noaa.gov/cgi-bin/ds_mark.prl?PidBox=DR7233,DR7233,1 A 8,,,,NJ,ATLANTIC,OCEANVILLE (2019),39 23 25.00   (N),074 23 45.53   (W),39.3902777778,-74.3959805556,,NAD 83,(1986),,HD_HELD1,2.104,NAVD 88,,ADJUSTED,-34.340,GEOID18,2.103,980111.7,,,,,,,,1,2,,,,NJ,61829.6,158960.2,,,,,,,,C,20210610,20210610,MONUMENTED,NJGS,Y,DD = SURVEY DISK,7 = SET IN TOP OF CONCRETE MONUMENT,1 A 8 2021
,20260103,http://www.ngs.noaa.gov/cgi-bin/ds_mark.prl?PidBox=JU4229,JU4229,1 B 1,,,,NJ,ATLANTIC,DOROTHY (2019),39 22 39.     (N),074 45 28.     (W),39.3775000000,-74.7577777778,,NAD 83,(1986),,SCALED,7.667,NAVD 88,,ADJUSTED,-34.106,GEOID18,7.663,980114.9,,,,,,,,1,2,,,,NJ,60440.,127790.,,,,,,,,C,1990,1990,MONUMENTED,NJGS,N,DD = SURVEY DISK,34 = SET IN THE FOOTINGS OF SMALL/MEDIUM STRUCTURES,1B1 1990
,20260103,http://www.ngs.noaa.gov/cgi-bin/ds_mark.prl?PidBox=DK6547,DK6547,1 B 2,,,,NJ,ATLANTIC,NEWTONVILLE (2019),39 36 50.58   (N),074 49 50.97   (W),39.6140500000,-74.8308250000,,NAD 83,(1986),,HD_HELD1,23.284,NAVD 88,,ADJUSTED,-33.489,GEOID18,23.273,980129.0,,,,,,,,1,2,,,,NJ,86718.6,121594.0,,,,,,,,C,20060921,20191217,GOOD,NJGS,Y,DD = SURVEY DISK,32 = SET IN A RETAINING WALL OR CONCRETE LEDGE,1 B 2 2006
,20260103,http://www.ngs.noaa.gov/cgi-bin/ds_mark.prl?PidBox=DN8302,DN8302,1 B 4,,,,NJ,ATLANTIC,OCEANVILLE (2019),39 25 22.4    (N),074 29 56.9    (W),39.4228888889,-74.4991388889,,NAD 83,(1986),,HD_HELD2,2.644,NAVD 88,,ADJUSTED,-34.059,GEOID18,2.643,980119.6,,,,,,,,1,2,,,,NJ,65445.,150074.,,,,,,,,B,20100920,20100920,MONUMENTED,NJGS,Y,DD = SURVEY DISK,38 = SET IN THE ABUTMENT OR PIER OF A LARGE BRIDGE,1 B 4 2010
,20260103,http://www.ngs.noaa.gov/cgi-bin/ds_mark.prl?PidBox=DQ8258,DQ8258,1 B 5,,,,NJ,ATLANTIC,ATLANTIC CITY (2019),39 22 03.91   (N),074 25 07.56   (W),39.3677527778,-74.4187666667,,NAD 83,(1986),,HD_HELD1,1.443,NAVD 88,,ADJUSTED,-34.410,GEOID18,1.443,980107.1,,,,,,,,1,2,,,,NJ,59327.1,156999.7,,,,,,,,C,20170626,20210427,GOOD,NJGS,N,DD = SURVEY DISK,34 = SET IN THE FOOTINGS OF SMALL/MEDIUM STRUCTURES,1 B 5 2017
,20260103,http://www.ngs.noaa.gov/cgi-bin/ds_mark.prl?PidBox=DQ8284,DQ8284,1 B 6,,,,NJ,ATLANTIC,ATLANTIC CITY (2019),39 22 08.61   (N),074 28 31.14   (W),39.3690583333,-74.4753166667,,NAD 83,(1986),,HD_HELD1,2.048,NAVD 88,,ADJUSTED,-34.340,GEOID18,2.047,980109.3,,,,,,,,1,2,,,,NJ,59469.1,152126.9,,,,,,,,C,UNK,20170505,GOOD,NJGS,Y,DD = SURVEY DISK,7 = SET IN TOP OF CONCRETE MONUMENT,1 B 6 2017
,20260103,http://www.ngs.noaa.gov/cgi-bin/ds_mark.prl?PidBox=DR7224,DR7224,1 B 7,,,,NJ,ATLANTIC,BRIGANTINE INLET (2019),39 24 09.51   (N),074 22 02.38   (W),39.4026416667,-74.3673277778,,NAD 83,(1986),,HD_HELD1,2.851,NAVD 88,,ADJUSTED,-34.322,GEOID18,2.850,980114.1,,,,,,,,1,2,,,,NJ,63205.4,161426.4,,,,,,,,D,20210409,20210604,GOOD,NJGS,Y,DD = SURVEY DISK,31 = SET IN A PAVEMENT SUCH AS STREET SIDEWALK CURB ETC.,1 B 7 2021
,20260103,http://www.ngs.noaa.gov/cgi-bin/ds_mark.prl?PidBox=DR7234,DR7234,1 B 8,,,,NJ,ATLANTIC,OCEANVILLE (2019),39 23 04.90   (N),074 25 22.37   (W),39.3846944444,-74.4228805556,,NAD 83,(1986),,HD_HELD1,19.720,NAVD 88,,ADJUSTED,-34.332,GEOID18,19.710,980110.5,,,,,,,,1,2,,,,NJ,61207.5,156643.6,,,,,,,,B,20210617,20210617,MONUMENTED,NJGS,Y,DD = SURVEY DISK,38 = SET IN THE ABUTMENT OR PIER OF A LARGE BRIDGE,1 B 8 2021
,20260103,http://www.ngs.noaa.gov/cgi-bin/ds_mark.prl?PidBox=DK6546,DK6546,1 C 2,,,,NJ,ATLANTIC,NEWTONVILLE (2019),39 37 06.97   (N),074 49 24.26   (W),39.6186027778,-74.8234055556,,NAD 83,(1986),,HD_HELD1,25.492,NAVD 88,,ADJUSTED,-33.473,GEOID18,25.479,980129.9,,,,,,,,1,2,,,,NJ,87221.7,122232.9,,,,,,,,C,20060921,20191217,GOOD,NJGS,Y,DD = SURVEY DISK,34 = SET IN THE FOOTINGS OF SMALL/MEDIUM STRUCTURES,1 C 2 2006
,20260103,http://www.ngs.noaa.gov/cgi-bin/ds_mark.prl?PidBox=DN8279,DN8279,1 C 3,,,,NJ,ATLANTIC,PLEASANTVILLE (2019),39 26 00.     (N),074 30 48.     (W),39.4333333333,-74.5133333333,,NAD 83,(1986),,SCALED,4.895,NAVD 88,,ADJUSTED,-33.997,GEOID18,4.893,980121.5,,,,,,,,1,2,,,,NJ,66600.,148850.,,,,,,,,C,UNK,20100510,GOOD,NJGS,Y,DD = SURVEY DISK,7 = SET IN TOP OF CONCRETE MONUMENT,1 C 3 2010
,20260103,http://www.ngs.noaa.gov/cgi-bin/ds_mark.prl?PidBox=DN8303,DN8303,1 C 4,,,,NJ,ATLANTIC,OCEANVILLE (2019),39 25 15.     (N),074 29 52.     (W),39.4208333333,-74.4977777778,,NAD 83,(1986),,SCALED,2.105,NAVD 88,,ADJUSTED,-34.070,GEOID18,2.104,980119.2,,,,,,,,1,2,,,,NJ,65220.,150190.,,,,,,,,C,UNK,20100920,GOOD,NJGS,Y,DD = SURVEY DISK,7 = SET IN TOP OF CONCRETE MONUMENT,1 C 4 2010
,20260103,http://www.ngs.noaa.gov/cgi-bin/ds_mark.prl?PidBox=DQ8260,DQ8260,1 C 5,,,,NJ,ATLANTIC,ATLANTIC CITY (2019),39 21 28.83   (N),074 25 19.94   (W),39.3580083333,-74.4222055556,,NAD 83,(1986),,HD_HELD1,3.851,NAVD 88,,ADJUSTED,-34.447,GEOID18,3.849,980105.8,,,,,,,,1,2,,,,NJ,58245.1,156704.3,,,,,,,,C,20170518,20170518,MONUMENTED,NJGS,N,DD = SURVEY DISK,35 = SET IN A MAT FOUNDATION OR CONCRETE SLAB OTHER THAN PAVEMENT,1 C 5 2017
,20260103,http://www.ngs.noaa.gov/cgi-bin/ds_mark.prl?PidBox=DQ8285,DQ8285,1 C 6,,,,NJ,ATLANTIC,ATLANTIC CITY (2019),39 22 15.45   (N),074 28 38.55   (W),39.3709583333,-74.4773750000,,NAD 83,(1986),,HD_HELD1,2.178,NAVD 88,,ADJUSTED,-34.329,GEOID18,2.177,980109.7,,,,,,,,1,2,,,,NJ,59680.0,151949.5,,,,,,,,C,UNK,20170505,GOOD,NJGS,Y,DD = SURVEY DISK,7 = SET IN TOP OF CONCRETE MONUMENT,1 C 6 2017
,20260103,http://www.ngs.noaa.gov/cgi-bin/ds_mark.prl?PidBox=DR7222,DR7222,1 C 7,,,,NJ,ATLANTIC,OCEANVILLE (2019),39 23 40.01   (N),074 22 45.38   (W),39.3944472222,-74.3792722222,,NAD 83,(1986),,HD_HELD1,2.810,NAVD 88,,ADJUSTED,-34.343,GEOID18,2.809,980112.6,,,,,,,,1,2,,,,NJ,62294.3,160398.9,,,,,,,,D,UNK,20210607,GOOD,NJGS,Y,DD = SURVEY DISK,31 = SET IN A PAVEMENT SUCH AS STREET SIDEWALK CURB ETC.,1 C 7 2021
,20260103,http://www.ngs.noaa.gov/cgi-bin/ds_mark.prl?PidBox=DR7237,DR7237,1 C 8,,,,NJ,ATLANTIC,OCEANVILLE (2019),39 23 35.99   (N),074 24 20.50   (W),39.3933305556,-74.4056944444,,NAD 83,(1986),,HD_HELD1,1.615,NAVD 88,,ADJUSTED,-34.315,GEOID18,1.614,980112.2,,,,,,,,1,2,,,,NJ,62167.6,158123.1,,,,,,,,D,20210714,20210714,MONUMENTED,NJGS,Y,DD = SURVEY DISK,31 = SET IN A PAVEMENT SUCH AS STREET SIDEWALK CURB ETC.,1 C 8 2021
,20260103,http://www.ngs.noaa.gov/cgi-bin/ds_mark.prl?PidBox=KV0156,KV0156,1 C OF P,,,,NJ,PASSAIC,PATERSON (2016),40 55 05.     (N),074 07 56.     (W),40.9180555556,-74.1322222222,,NAD 83,(1986),,SCALED,15.545,NAVD 88,,ADJUSTED,-32.136,GEOID18,15.539,980221.6,,,,,,,,1,2,,,,NJ,231510.,180980.,,,,,,,,D,1933,20060527,MARK NOT FOUND,GEOCAC,,X = CHISELED CROSS,30 = SET IN A LIGHT STRUCTURE,
,20260103,http://www.ngs.noaa.gov/cgi-bin/ds_mark.prl?PidBox=JU4357,JU4357,1 D 1,,,,NJ,ATLANTIC,FIVE POINTS (2019),39 28 52.34163(N),074 55 13.30965(W),39.4812060083,-74.9203637917,-1.479,NAD 83,(2011),2010.00,ADJUSTED,32.3,NAVD 88,,GPS OBS,-33.794,GEOID18,,,0.36,0.69,0.16,0.13,0.35,-0.10902013,,,,1282473.622,-4759784.078,4033692.289,NJ,72003.000,113836.891,-0 16 02.2,0.99991633,18,4370181.769,506848.887,+0 03 02.3,0.99960058,C,1993,20190723,GOOD,NJGS,Y,DD = SURVEY DISK,7 = SET IN TOP OF CONCRETE MONUMENT,1 D 1 1993
,20260103,http://www.ngs.noaa.gov/cgi-bin/ds_mark.prl?PidBox=DK6545,DK6545,1 D 2,,,,NJ,ATLANTIC,HAMMONTON (2019),39 37 29.     (N),074 48 59.     (W),39.6247222222,-74.8163888889,,NAD 83,(1986),,SCALED,30.541,NAVD 88,,ADJUSTED,-33.454,GEOID18,30.525,980130.9,,,,,,,,1,2,,,,NJ,87900.,122840.,,,,,,,,D,20060921,20100325,GOOD,NJGS,Y,DD = SURVEY DISK,31 = SET IN A PAVEMENT SUCH AS STREET SIDEWALK CURB ETC.,1 D 2 2006
,20260103,http://www.ngs.noaa.gov/cgi-bin/ds_mark.prl?PidBox=DN8280,DN8280,1 D 3,,,,NJ,ATLANTIC,PLEASANTVILLE (2019),39 25 51.     (N),074 30 35.     (W),39.4308333333,-74.5097222222,,NAD 83,(1986),,SCALED,4.023,NAVD 88,,ADJUSTED,-34.012,GEOID18,4.021,980121.0,,,,,,,,1,2,,,,NJ,66330.,149160.,,,,,,,,C,UNK,20100510,GOOD,NJGS,Y,DD = SURVEY DISK,7 = SET IN TOP OF CONCRETE MONUMENT,1 D 3 2010
,20260103,http://www.ngs.noaa.gov/cgi-bin/ds_mark.prl?PidBox=DN8305,DN8305,1 D 4,,,,NJ,ATLANTIC,PLEASANTVILLE (2019),39 25 38.     (N),074 30 21.     (W),39.4272222222,-74.5058333333,,NAD 83,(1986),,SCALED,4.566,NAVD 88,,ADJUSTED,-34.032,GEOID18,4.564,980120.3,,,,,,,,1,2,,,,NJ,65930.,149500.,,,,,,,,B,20100920,20161206,GOOD,NJGS,N,DD = SURVEY DISK,38 = SET IN THE ABUTMENT OR PIER OF A LARGE BRIDGE,1 D 4 2010
,20260103,http://www.ngs.noaa.gov/cgi-bin/ds_mark.prl?PidBox=DQ8261,DQ8261,1 D 5,,,,NJ,ATLANTIC,ATLANTIC CITY (2019),39 21 44.79   (N),074 25 19.54   (W),39.3624416667,-74.4220944444,,NAD 83,(1986),,HD_HELD1,2.146,NAVD 88,,ADJUSTED,-34.428,GEOID18,2.145,980106.4,,,,,,,,1,2,,,,NJ,58737.2,156713.4,,,,,,,,C,20170518,20170518,MONUMENTED,NJGS,N,DD = SURVEY DISK,35 = SET IN A MAT FOUNDATION OR CONCRETE SLAB OTHER THAN PAVEMENT,1 D 5 2017
,20260103,http://www.ngs.noaa.gov/cgi-bin/ds_mark.prl?PidBox=DQ8286,DQ8286,1 D 6,,,,NJ,ATLANTIC,ATLANTIC CITY (2019),39 22 23.55   (N),074 28 48.49   (W),39.3732083333,-74.4801361111,,NAD 83,(1986),,HD_HELD1,2.104,NAVD 88,,ADJUSTED,-34.316,GEOID18,2.103,980110.2,,,,,,,,1,2,,,,NJ,59929.7,151711.5,,,,,,,,C,20170522,20170522,MONUMENTED,NJGS,Y,DD = SURVEY DISK,32 = SET IN A RETAINING WALL OR CONCRETE LEDGE,1 D 6 2017
,20260103,http://www.ngs.noaa.gov/cgi-bin/ds_mark.prl?PidBox=DR7221,DR7221,1 D 7,,,,NJ,ATLANTIC,OCEANVILLE (2019),39 23 21.06   (N),074 23 18.49   (W),39.3891833333,-74.3884694444,,NAD 83,(1986),,HD_HELD1,2.761,NAVD 88,,ADJUSTED,-34.354,GEOID18,2.759,980111.6,,,,,,,,1,2,,,,NJ,61708.9,159607.4,,,,,,,,D,20210415,20210604,GOOD,NJGS,Y,DD = SURVEY DISK,31 = SET IN A PAVEMENT SUCH AS STREET SIDEWALK CURB ETC.,1 D 7 2021
,20260103,http://www.ngs.noaa.gov/cgi-bin/ds_mark.prl?PidBox=KV1570,KV1570,1 DLWRR,,,,NJ,WARREN,PORTLAND (2019),40 56 54.     (N),075 03 36.     (W),40.9483333333,-75.0600000000,,NAD 83,(1986),,SCALED,123.890,NAVD 88,,ADJUSTED,-33.309,GEOID18,123.835,980180.9,,,,,,,,2,0,,,,NJ,234960.,102850.,,,,,,,,B,1935,20210219,MARK NOT FOUND,NJGS,,B = BOLT,36 = SET IN A MASSIVE STRUCTURE,
,20260103,http://www.ngs.noaa.gov/cgi-bin/ds_mark.prl?PidBox=JU4358,JU4358,1 E 1,,,,NJ,ATLANTIC,BUENA (2019),39 33 30.10677(N),074 53 29.67620(W),39.5583629917,-74.8915767222,-3.569,NAD 83,(2011),2010.00,ADJUSTED,30.1,NAVD 88,,GPS OBS,-33.646,GEOID18,,,0.60,1.08,0.27,0.21,0.55,0.02671843,,,,1283443.666,-4753874.821,4040299.109,NJ,80557.411,116350.648,-0 14 57.8,0.99991450,18,4378747.315,509314.326,+0 04 08.6,0.99960107,C,1993,20240723,GOOD,AAAS,Y,DD = SURVEY DISK,7 = SET IN TOP OF CONCRETE MONUMENT,1 E 1 1993
,20260103,http://www.ngs.noaa.gov/cgi-bin/ds_mark.prl?PidBox=DM6017,DM6017,1 E 2,,,,NJ,ATLANTIC,EGG HARBOR CITY (2019),39 30 18.     (N),074 40 45.     (W),39.5050000000,-74.6791666667,,NAD 83,(1986),,SCALED,18.242,NAVD 88,,ADJUSTED,-33.773,GEOID18,18.233,980127.3,,,,,,,,1,1,,,,NJ,74580.,134590.,,,,,,,,D,UNK,20070820,GOOD,NJGS,N,DD = SURVEY DISK,9 = POST (STONE OR PRECAST CONCRETE),1 E 2 2007
,20260103,http://www.ngs.noaa.gov/cgi-bin/ds_mark.prl?PidBox=DN8281,DN8281,1 E 3,,,,NJ,ATLANTIC,PLEASANTVILLE (2019),39 25 44.     (N),074 30 25.     (W),39.4288888889,-74.5069444444,,NAD 83,(1986),,SCALED,2.993,NAVD 88,,ADJUSTED,-34.023,GEOID18,2.991,980120.7,,,,,,,,1,2,,,,NJ,66110.,149400.,,,,,,,,C,UNK,20100510,GOOD,NJGS,Y,DD = SURVEY DISK,7 = SET IN TOP OF CONCRETE MONUMENT,1 E 3 2010
,20260103,http://www.ngs.noaa.gov/cgi-bin/ds_mark.prl?PidBox=DN8306,DN8306,1 E 4,,,,NJ,ATLANTIC,OCEANVILLE (2019),39 24 55.     (N),074 29 28.     (W),39.4152777778,-74.4911111111,,NAD 83,(1986),,SCALED,2.171,NAVD 88,,ADJUSTED,-34.105,GEOID18,2.170,980118.1,,,,,,,,1,2,,,,NJ,64600.,150770.,,,,,,,,C,20100920,20100920,MONUMENTED,NJGS,N,DD = SURVEY DISK,34 = SET IN THE FOOTINGS OF SMALL/MEDIUM STRUCTURES,1 E 4 2010
,20260103,http://www.ngs.noaa.gov/cgi-bin/ds_mark.prl?PidBox=DQ8262,DQ8262,1 E 5,,,,NJ,ATLANTIC,ATLANTIC CITY (2019),39 21 53.71   (N),074 25 02.19   (W),39.3649194444,-74.4172750000,,NAD 83,(1986),,HD_HELD1,1.933,NAVD 88,,ADJUSTED,-34.423,GEOID18,1.932,980106.5,,,,,,,,1,2,,,,NJ,59012.7,157128.5,,,,,,,,B,20170518,20170518,MONUMENTED,NJGS,N,DD = SURVEY DISK,34 = SET IN THE FOOTINGS OF SMALL/MEDIUM STRUCTURES,1 E 5 2017
,20260103,http://www.ngs.noaa.gov/cgi-bin/ds_mark.prl?PidBox=DQ8287,DQ8287,1 E 6,,,,NJ,ATLANTIC,OCEANVILLE (2019),39 22 32.00   (N),074 29 00.22   (W),39.3755555556,-74.4833944444,,NAD 83,(1986),,HD_HELD1,2.794,NAVD 88,,ADJUSTED,-34.302,GEOID18,2.793,980110.7,,,,,,,,1,2,,,,NJ,60190.3,151430.7,,,,,,,,B,20170522,20240423,GOOD,NJGS,Y,DD = SURVEY DISK,37 = SET IN A MASSIVE RETAINING WALL,1 E 6 2017
,20260103,http://www.ngs.noaa.gov/cgi-bin/ds_mark.prl?PidBox=DR7220,DR7220,1 E 7,,,,NJ,ATLANTIC,OCEANVILLE (2019),39 22 52.86   (N),074 24 10.36   (W),39.3813500000,-74.4028777778,,NAD 83,(1986),,HD_HELD1,2.037,NAVD 88,,ADJUSTED,-34.371,GEOID18,2.036,980109.9,,,,,,,,1,2,,,,NJ,60837.9,158367.2,,,,,,,,D,20210409,20210604,GOOD,NJGS,Y,DD = SURVEY DISK,31 = SET IN A PAVEMENT SUCH AS STREET SIDEWALK CURB ETC.,1 E 7 2021
,20260103,http://www.ngs.noaa.gov/cgi-bin/ds_mark.prl?PidBox=JU4359,JU4359,1 F 1,,,,NJ,ATLANTIC,NEWTONVILLE (2019),39 36 12.14965(N),074 50 45.82954(W),39.6033749028,-74.8460637611,-5.167,NAD 83,(2011),2010.00,ADJUSTED,28.4,NAVD 88,,GPS OBS,-33.523,GEOID18,,,0.50,1.04,0.23,0.16,0.53,-0.17443847,,,,1286386.779,-4749779.103,4044149.806,NJ,85538.414,120280.953,-0 13 14.2,0.99991168,18,4383748.539,513215.661,+0 05 53.3,0.99960215,C,1993,20050526,MARK NOT FOUND,ACT,Y,DD = SURVEY DISK,7 = SET IN TOP OF CONCRETE MONUMENT,1 F 1 1993
,20260103,http://www.ngs.noaa.gov/cgi-bin/ds_mark.prl?PidBox=DM6022,DM6022,1 F 2,,,,NJ,ATLANTIC,EGG HARBOR CITY (2019),39 31 35.     (N),074 38 53.     (W),39.5263888889,-74.6480555556,,NAD 83,(1986),,SCALED,18.412,NAVD 88,,ADJUSTED,-33.706,GEOID18,18.403,980131.4,,,,,,,,1,1,,,,NJ,76950.,137270.,,,,,,,,B,20070821,20070821,MONUMENTED,NJGS,N,DD = SURVEY DISK,36 = SET IN A MASSIVE STRUCTURE,1 F 2 2007
,20260103,http://www.ngs.noaa.gov/cgi-bin/ds_mark.prl?PidBox=DN8282,DN8282,1 F 3,,,,NJ,ATLANTIC,PLEASANTVILLE (2019),39 25 42.62   (N),074 30 23.42   (W),39.4285055556,-74.5065055556,,NAD 83,(1986),,HD_HELD1,2.665,NAVD 88,,ADJUSTED,-34.025,GEOID18,2.664,980120.6,,,,,,,,1,2,,,,NJ,66068.2,149439.9,,,,,,,,C,20100510,20240207,GOOD,NJGS,Y,DD = SURVEY DISK,7 = SET IN TOP OF CONCRETE MONUMENT,1 F 3 2010
,20260103,http://www.ngs.noaa.gov/cgi-bin/ds_mark.prl?PidBox=DN8308,DN8308,1 F 4,,,,NJ,ATLANTIC,OCEANVILLE (2019),39 24 34.16   (N),074 29 30.75   (W),39.4094888889,-74.4918750000,,NAD 83,(1986),,HD_HELD1,1.933,NAVD 88,,ADJUSTED,-34.133,GEOID18,1.932,980116.9,,,,,,,,1,2,,,,NJ,63957.2,150699.7,,,,,,,,B,20100920,20170807,GOOD,PBCONS,Y,DD = SURVEY DISK,38 = SET IN THE ABUTMENT OR PIER OF A LARGE BRIDGE,1 F 4 2010
,20260103,http://www.ngs.noaa.gov/cgi-bin/ds_mark.prl?PidBox=DQ8263,DQ8263,1 F 5,,,,NJ,ATLANTIC,ATLANTIC CITY (2019),39 22 00.06   (N),074 24 49.34   (W),39.3666833333,-74.4137055556,,NAD 83,(1986),,HD_HELD1,2.072,NAVD 88,,ADJUSTED,-34.420,GEOID18,2.071,980106.9,,,,,,,,1,2,,,,NJ,59208.8,157435.9,,,,,,,,C,20170518,20210526,GOOD,NJGS,Y,DD = SURVEY DISK,7 = SET IN TOP OF CONCRETE MONUMENT,1 F 5 2017
,20260103,http://www.ngs.noaa.gov/cgi-bin/ds_mark.prl?PidBox=DQ8288,DQ8288,1 F 6,,,,NJ,ATLANTIC,OCEANVILLE (2019),39 22 39.06   (N),074 29 14.44   (W),39.3775166667,-74.4873444444,,NAD 83,(1986),,HD_HELD1,2.246,NAVD 88,,ADJUSTED,-34.288,GEOID18,2.245,980111.2,,,,,,,,1,2,,,,NJ,60407.9,151090.3,,,,,,,,C,UNK,20170523,GOOD,NJGS,Y,DD = SURVEY DISK,7 = SET IN TOP OF CONCRETE MONUMENT,1 F 6 2017
,20260103,http://www.ngs.noaa.gov/cgi-bin/ds_mark.prl?PidBox=DR7239,DR7239,1 F 7,,,,NJ,ATLANTIC,OCEANVILLE (2019),39 23 12.35   (N),074 25 06.41   (W),39.3867638889,-74.4184472222,,NAD 83,(1986),,HD_HELD1,3.055,NAVD 88,,ADJUSTED,-34.329,GEOID18,3.053,980110.9,,,,,,,,1,2,,,,NJ,61437.6,157025.3,,,,,,,,D,2021,20210507,GOOD,NJGS,Y,R = RIVET,9 = POST (STONE OR PRECAST CONCRETE),1 F 7 2021
,20260103,http://www.ngs.noaa.gov/cgi-bin/ds_mark.prl?PidBox=AB6707,AB6707,1 G 1,,,,NJ,ATLANTIC,HAMMONTON (2019),39 39 37.5    (N),074 46 24.6    (W),39.6604166667,-74.7735000000,,NAD 83,(1986),,HD_HELD2,20.579,NAVD 88,,ADJUSTED,-33.340,GEOID18,20.569,980138.3,,,,,,,,1,2,,,,NJ,91850.,126532.,,,,,,,,C,1995,20170629,GOOD,NJGS,N,DD = SURVEY DISK,7 = SET IN TOP OF CONCRETE MONUMENT,1 G 1 1995
,20260103,http://www.ngs.noaa.gov/cgi-bin/ds_mark.prl?PidBox=DM6024,DM6024,1 G 2,,,,NJ,ATLANTIC,EGG HARBOR CITY (2019),39 31 54.     (N),074 39 07.     (W),39.5316666667,-74.6519444444,,NAD 83,(1986),,SCALED,18.955,NAVD 88,,ADJUSTED,-33.692,GEOID18,18.945,980131.8,,,,,,,,1,1,,,,NJ,77530.,136940.,,,,,,,,C,20070821,20070821,MONUMENTED,NJGS,N,DD = SURVEY DISK,34 = SET IN THE FOOTINGS OF SMALL/MEDIUM STRUCTURES,1 G 2 2007
,20260103,http://www.ngs.noaa.gov/cgi-bin/ds_mark.prl?PidBox=DN8283,DN8283,1 G 3,,,,NJ,ATLANTIC,PLEASANTVILLE (2019),39 25 36.     (N),074 30 14.     (W),39.4266666667,-74.5038888889,,NAD 83,(1986),,SCALED,5.166,NAVD 88,,ADJUSTED,-34.036,GEOID18,5.163,980120.2,,,,,,,,1,2,,,,NJ,65860.,149670.,,,,,,,,C,UNK,20100510,GOOD,NJGS,Y,DD = SURVEY DISK,7 = SET IN TOP OF CONCRETE MONUMENT,1 G 3 2010
,20260103,http://www.ngs.noaa.gov/cgi-bin/ds_mark.prl?PidBox=DN8307,DN8307,1 G 4,,,,NJ,ATLANTIC,OCEANVILLE (2019),39 24 45.56   (N),074 29 29.96   (W),39.4126555556,-74.4916555556,,NAD 83,(1986),,HD_HELD1,1.589,NAVD 88,,ADJUSTED,-34.117,GEOID18,1.588,980117.5,,,,,,,,1,2,,,,NJ,64308.7,150718.6,,,,,,,,C,UNK,20140226,GOOD,WATER,Y,DD = SURVEY DISK,7 = SET IN TOP OF CONCRETE MONUMENT,1 G 4 2010
,20260103,http://www.ngs.noaa.gov/cgi-bin/ds_mark.prl?PidBox=DQ8264,DQ8264,1 G 5,,,,NJ,ATLANTIC,ATLANTIC CITY (2019),39 21 51.89   (N),074 24 37.86   (W),39.3644138889,-74.4105166667,,NAD 83,(1986),,HD_HELD1,3.731,NAVD 88,,ADJUSTED,-34.433,GEOID18,3.729,980106.6,,,,,,,,1,2,,,,NJ,58957.1,157710.9,,,,,,,,C,20170525,20170525,MONUMENTED,NJGS,Y,DD = SURVEY DISK,35 = SET IN A MAT FOUNDATION OR CONCRETE SLAB OTHER THAN PAVEMENT,1 G 5 2017
,20260103,http://www.ngs.noaa.gov/cgi-bin/ds_mark.prl?PidBox=DQ8289,DQ8289,1 G 6,,,,NJ,ATLANTIC,OCEANVILLE (2019),39 22 49.24   (N),074 29 39.30   (W),39.3803444444,-74.4942500000,,NAD 83,(1986),,HD_HELD1,1.554,NAVD 88,,ADJUSTED,-34.267,GEOID18,1.553,980111.8,,,,,,,,1,2,,,,NJ,60721.8,150495.4,,,,,,,,C,UNK,20170523,GOOD,NJGS,Y,DD = SURVEY DISK,7 = SET IN TOP OF CONCRETE MONUMENT,1 G 6 2017
,20260103,http://www.ngs.noaa.gov/cgi-bin/ds_mark.prl?PidBox=DR7229,DR7229,1 G 7,,,,NJ,ATLANTIC,BRIGANTINE INLET (2019),39 24 56.38   (N),074 21 21.47   (W),39.4156611111,-74.3559638889,,NAD 83,(1986),,HD_HELD1,1.400,NAVD 88,,ADJUSTED,-34.280,GEOID18,1.399,980116.3,,,,,,,,1,2,,,,NJ,64652.2,162402.8,,,,,,,,D,20210408,20220505,GOOD,NJGS,Y,DD = SURVEY DISK,31 = SET IN A PAVEMENT SUCH AS STREET SIDEWALK CURB ETC.,1 G 7 2021
,20260103,http://www.ngs.noaa.gov/cgi-bin/ds_mark.prl?PidBox=AB6708,AB6708,1 H 1,,,,NJ,ATLANTIC,HAMMONTON (2019),39 39 50.9    (N),074 46 09.0    (W),39.6641388889,-74.7691666667,,NAD 83,(1986),,HD_HELD2,19.593,NAVD 88,,ADJUSTED,-33.328,GEOID18,19.584,980139.0,,,,,,,,1,2,,,,NJ,92262.,126905.,,,,,,,,C,1995,20170629,GOOD,NJGS,N,DD = SURVEY DISK,32 = SET IN A RETAINING WALL OR CONCRETE LEDGE,1 H 1 1995
,20260103,http://www.ngs.noaa.gov/cgi-bin/ds_mark.prl?PidBox=DM6023,DM6023,1 H 2,,,,NJ,ATLANTIC,EGG HARBOR CITY (2019),39 31 45.     (N),074 38 51.     (W),39.5291666667,-74.6475000000,,NAD 83,(1986),,SCALED,17.539,NAVD 88,,ADJUSTED,-33.698,GEOID18,17.531,980131.8,,,,,,,,1,1,,,,NJ,77250.,137320.,,,,,,,,D,20070821,20070821,MONUMENTED,NJGS,N,DD = SURVEY DISK,31 = SET IN A PAVEMENT SUCH AS STREET SIDEWALK CURB ETC.,1 H 2 2007
,20260103,http://www.ngs.noaa.gov/cgi-bin/ds_mark.prl?PidBox=DN8284,DN8284,1 H 3,,,,NJ,ATLANTIC,PLEASANTVILLE (2019),39 25 31.29   (N),074 30 08.75   (W),39.4253583333,-74.5024305556,,NAD 83,(1986),,HD_HELD1,5.340,NAVD 88,,ADJUSTED,-34.044,GEOID18,5.337,980119.9,,,,,,,,1,2,,,,NJ,65718.8,149790.7,,,,,,,,C,UNK,20230403,GOOD,NJGS,Y,DD = SURVEY DISK,7 = SET IN TOP OF CONCRETE MONUMENT,1 H 3 2010
,20260103,http://www.ngs.noaa.gov/cgi-bin/ds_mark.prl?PidBox=DN8309,DN8309,1 H 4,,,,NJ,ATLANTIC,PLEASANTVILLE (2019),39 28 02.70   (N),074 35 43.86   (W),39.4674166667,-74.5955166667,,NAD 83,(1986),,HD_HELD1,21.589,NAVD 88,,ADJUSTED,-33.845,GEOID18,21.578,980126.0,,,,,,,,1,2,,,,NJ,70392.2,141781.3,,,,,,,,C,20100930,20190725,GOOD,NJGS,Y,DD = SURVEY DISK,32 = SET IN A RETAINING WALL OR CONCRETE LEDGE,1 H 4 2010
,20260103,http://www.ngs.noaa.gov/cgi-bin/ds_mark.prl?PidBox=DQ8265,DQ8265,1 H 5,,,,NJ,ATLANTIC,ATLANTIC CITY (2019),39 22 28.55   (N),074 26 37.41   (W),39.3745972222,-74.4437250000,,NAD 83,(1986),,HD_HELD1,2.701,NAVD 88,,ADJUSTED,-34.351,GEOID18,2.700,980109.3,,,,,,,,1,2,,,,NJ,60085.2,154848.6,,,,,,,,B,20170518,20230801,GOOD,NJGS,Y,DD = SURVEY DISK,38 = SET IN THE ABUTMENT OR PIER OF A LARGE BRIDGE,1 H 5 2017
,20260103,http://www.ngs.noaa.gov/cgi-bin/ds_mark.prl?PidBox=DQ8290,DQ8290,1 H 6,,,,NJ,ATLANTIC,PLEASANTVILLE (2019),39 23 01.98   (N),074 30 10.99   (W),39.3838833333,-74.5030527778,,NAD 83,(1986),,HD_HELD1,1.296,NAVD 88,,ADJUSTED,-34.240,GEOID18,1.295,980112.7,,,,,,,,1,2,,,,NJ,61114.6,149737.0,,,,,,,,C,UNK,20170523,GOOD,NJGS,Y,DD = SURVEY DISK,7 = SET IN TOP OF CONCRETE MONUMENT,1 H 6 2017
,20260103,http://www.ngs.noaa.gov/cgi-bin/ds_mark.prl?PidBox=DR7230,DR7230,1 H 7,,,,NJ,ATLANTIC,BRIGANTINE INLET (2019),39 24 28.04   (N),074 21 46.08   (W),39.4077888889,-74.3628000000,,NAD 83,(1986),,HD_HELD1,2.669,NAVD 88,,ADJUSTED,-34.305,GEOID18,2.668,980115.0,,,,,,,,1,2,,,,NJ,63777.4,161815.4,,,,,,,,D,20210607,20210607,MONUMENTED,NJGS,Y,DD = SURVEY DISK,31 = SET IN A PAVEMENT SUCH AS STREET SIDEWALK CURB ETC.,1 H 7 2021
,20260103,http://www.ngs.noaa.gov/cgi-bin/ds_mark.prl?PidBox=AB6709,AB6709,1 J 1,,,,NJ,ATLANTIC,HAMMONTON (2019),39 39 53.     (N),074 45 27.     (W),39.6647222222,-74.7575000000,,NAD 83,(1986),,SCALED,19.345,NAVD 88,,ADJUSTED,-33.320,GEOID18,19.335,980139.9,,,,,,,,1,2,,,,NJ,92320.,127910.,,,,,,,,D,1995,1995,MONUMENTED,NJGS,N,DD = SURVEY DISK,31 = SET IN A PAVEMENT SUCH AS STREET SIDEWALK CURB ETC.,1 J 1 1995
,20260103,http://www.ngs.noaa.gov/cgi-bin/ds_mark.prl?PidBox=DM6015,DM6015,1 J 2,,,,NJ,ATLANTIC,MAYS LANDING (2019),39 29 13.19   (N),074 41 57.47   (W),39.4869972222,-74.6992972222,,NAD 83,(1986),,HD_HELD1,13.247,NAVD 88,,ADJUSTED,-33.823,GEOID18,13.240,980124.4,,,,,,,,1,1,,,,NJ,72580.5,132856.3,,,,,,,,C,20070820,20180510,GOOD,NJGS,Y,DD = SURVEY DISK,32 = SET IN A RETAINING WALL OR CONCRETE LEDGE,1 J 2 2007
,20260103,http://www.ngs.noaa.gov/cgi-bin/ds_mark.prl?PidBox=DN8285,DN8285,1 J 3,,,,NJ,ATLANTIC,PLEASANTVILLE (2019),39 25 28.     (N),074 30 04.     (W),39.4244444444,-74.5011111111,,NAD 83,(1986),,SCALED,5.585,NAVD 88,,ADJUSTED,-34.050,GEOID18,5.583,980119.8,,,,,,,,1,2,,,,NJ,65620.,149900.,,,,,,,,C,UNK,20100510,GOOD,NJGS,Y,DD = SURVEY DISK,7 = SET IN TOP OF CONCRETE MONUMENT,1 J 3 2010
,20260103,http://www.ngs.noaa.gov/cgi-bin/ds_mark.prl?PidBox=DN8310,DN8310,1 J 4,,,,NJ,ATLANTIC,PLEASANTVILLE (2019),39 28 40.     (N),074 32 54.     (W),39.4777777778,-74.5483333333,,NAD 83,(1986),,SCALED,21.797,NAVD 88,,ADJUSTED,-33.812,GEOID18,21.786,980128.6,,,,,,,,1,2,,,,NJ,71540.,145840.,,,,,,,,C,20101013,20101013,MONUMENTED,NJGS,N,DD = SURVEY DISK,34 = SET IN THE FOOTINGS OF SMALL/MEDIUM STRUCTURES,1 J 4 2010
,20260103,http://www.ngs.noaa.gov/cgi-bin/ds_mark.prl?PidBox=DQ8266,DQ8266,1 J 5,,,,NJ,ATLANTIC,ATLANTIC CITY (2019),39 22 26.32   (N),074 26 30.47   (W),39.3739777778,-74.4417972222,,NAD 83,(1986),,HD_HELD1,1.842,NAVD 88,,ADJUSTED,-34.356,GEOID18,1.841,980109.1,,,,,,,,1,2,,,,NJ,60016.6,155014.7,,,,,,,,C,UNK,20210520,GOOD,NJGS,Y,DD = SURVEY DISK,7 = SET IN TOP OF CONCRETE MONUMENT,1 J 5 2017
,20260103,http://www.ngs.noaa.gov/cgi-bin/ds_mark.prl?PidBox=DQ8291,DQ8291,1 J 6,,,,NJ,ATLANTIC,PLEASANTVILLE (2019),39 23 11.05   (N),074 30 41.04   (W),39.3864027778,-74.5114000000,,NAD 83,(1986),,HD_HELD1,1.622,NAVD 88,,ADJUSTED,-34.219,GEOID18,1.621,980113.4,,,,,,,,1,2,,,,NJ,61394.4,149018.0,,,,,,,,C,UNK,20230801,GOOD,NJGS,Y,DD = SURVEY DISK,7 = SET IN TOP OF CONCRETE MONUMENT,1 J 6 2017
,20260103,http://www.ngs.noaa.gov/cgi-bin/ds_mark.prl?PidBox=DR7223,DR7223,1 J 7,,,,NJ,ATLANTIC,BRIGANTINE INLET (2019),39 23 56.29   (N),074 22 24.52   (W),39.3989694444,-74.3734777778,,NAD 83,(1986),,HD_HELD1,2.640,NAVD 88,,ADJUSTED,-34.330,GEOID18,2.638,980113.4,,,,,,,,1,2,,,,NJ,62797.0,160897.3,,,,,,,,D,20210604,20210604,MONUMENTED,NJGS,Y,DD = SURVEY DISK,31 = SET IN A PAVEMENT SUCH AS STREET SIDEWALK CURB ETC.,1 J 7 2021
,20260103,http://www.ngs.noaa.gov/cgi-bin/ds_mark.prl?PidBox=AB6717,AB6717,1 K 1,,,,NJ,ATLANTIC,HAMMONTON (2019),39 38 58.     (N),074 49 45.     (W),39.6494444444,-74.8291666667,,NAD 83,(1986),,SCALED,40.094,NAVD 88,,ADJUSTED,-33.394,GEOID18,40.074,980132.3,,,,,,,,1,2,,,,NJ,90650.,121750.,,,,,,,,C,UNK,20070421,GOOD,UE,N,DD = SURVEY DISK,7 = SET IN TOP OF CONCRETE MONUMENT,1 K 1
,20260103,http://www.ngs.noaa.gov/cgi-bin/ds_mark.prl?PidBox=DM6025,DM6025,1 K 2,,,,NJ,ATLANTIC,MAYS LANDING (2019),39 28 41.     (N),074 42 33.     (W),39.4780555556,-74.7091666667,,NAD 83,(1986),,SCALED,9.132,NAVD 88,,ADJUSTED,-33.846,GEOID18,9.128,980123.6,,,,,,,,1,1,,,,NJ,71590.,132010.,,,,,,,,C,20070822,20120411,GOOD,INDIV,N,DD = SURVEY DISK,34 = SET IN THE FOOTINGS OF SMALL/MEDIUM STRUCTURES,1 K 2 2007
,20260103,http://www.ngs.noaa.gov/cgi-bin/ds_mark.prl?PidBox=DN8286,DN8286,1 K 3,,,,NJ,ATLANTIC,PLEASANTVILLE (2019),39 25 48.16   (N),074 30 15.37   (W),39.4300444444,-74.5042694444,,NAD 83,(1986),,HD_HELD1,6.292,NAVD 88,,ADJUSTED,-34.020,GEOID18,6.289,980120.8,,,,,,,,1,2,,,,NJ,66239.1,149632.4,,,,,,,,C,20100510,20180710,GOOD,NJGS,Y,DD = SURVEY DISK,7 = SET IN TOP OF CONCRETE MONUMENT,1 K 3 2010
,20260103,http://www.ngs.noaa.gov/cgi-bin/ds_mark.prl?PidBox=DQ7319,DQ7319,1 K 4,,,,NJ,ATLANTIC,OCEAN CITY (2019),39 18 27.29   (N),074 35 55.31   (W),39.3075805556,-74.5986972222,,NAD 83,(1986),,HD_HELD1,6.031,NAVD 88,,ADJUSTED,-34.476,GEOID18,6.028,980103.5,,,,,,,,1,2,,,,NJ,52648.8,141488.2,,,,,,,,B,20170814,20170814,MONUMENTED,NJGS,Y,DD = SURVEY DISK,38 = SET IN THE ABUTMENT OR PIER OF A LARGE BRIDGE,1 K 4 2017
,20260103,http://www.ngs.noaa.gov/cgi-bin/ds_mark.prl?PidBox=DQ8267,DQ8267,1 K 5,,,,NJ,ATLANTIC,OCEANVILLE (2019),39 22 39.32   (N),074 25 49.63   (W),39.3775888889,-74.4304527778,,NAD 83,(1986),,HD_HELD1,2.485,NAVD 88,,ADJUSTED,-34.354,GEOID18,2.484,980109.4,,,,,,,,1,2,,,,NJ,60418.2,155991.9,,,,,,,,B,20170518,20210512,GOOD,NJGS,N,DD = SURVEY DISK,36 = SET IN A MASSIVE STRUCTURE,1 K 5 2017
,20260103,http://www.ngs.noaa.gov/cgi-bin/ds_mark.prl?PidBox=DQ8292,DQ8292,1 K 6,,,,NJ,ATLANTIC,PLEASANTVILLE (2019),39 23 11.81   (N),074 30 52.63   (W),39.3866138889,-74.5146194444,,NAD 83,(1986),,HD_HELD1,1.937,NAVD 88,,ADJUSTED,-34.214,GEOID18,1.936,980113.4,,,,,,,,1,2,,,,NJ,61417.8,148740.6,,,,,,,,C,UNK,20170523,GOOD,NJGS,Y,DD = SURVEY DISK,7 = SET IN TOP OF CONCRETE MONUMENT,1 K 6 2017
,20260103,http://www.ngs.noaa.gov/cgi-bin/ds_mark.prl?PidBox=DR7219,DR7219,1 K 7,,,,NJ,ATLANTIC,OCEANVILLE (2019),39 23 19.63   (N),074 24 14.45   (W),39.3887861111,-74.4040138889,,NAD 83,(1986),,HD_HELD1,2.271,NAVD 88,,ADJUSTED,-34.337,GEOID18,2.269,980111.3,,,,,,,,1,2,,,,NJ,61663.3,158268.4,,,,,,,,D,20210525,20210525,MONUMENTED,NJGS,Y,DD = SURVEY DISK,31 = SET IN A PAVEMENT SUCH AS STREET SIDEWALK CURB ETC.,1 K 7 2021
,20260103,http://www.ngs.noaa.gov/cgi-bin/ds_mark.prl?PidBox=AI4370,AI4370,1 L 1,,,,NJ,ATLANTIC,NEWTONVILLE (2019),39 36 28.33616(N),074 50 10.15389(W),39.6078711556,-74.8361538583,-11.071,NAD 83,(2011),2010.00,ADJUSTED,22.420,NAVD 88,,ADJUSTED,-33.507,GEOID18,22.409,980128.3,0.72,1.27,0.32,0.26,0.65,0.00193609,,1,2,1287123.847,-4749244.985,4044530.655,NJ,86034.341,121133.859,-0 12 51.5,0.99991200,18,4384249.050,514065.532,+0 06 16.0,0.99960244,B,1999,20191217,GOOD,NJGS,Y,DD = SURVEY DISK,36 = SET IN A MASSIVE STRUCTURE,1 L 1 1999
,20260103,http://www.ngs.noaa.gov/cgi-bin/ds_mark.prl?PidBox=DN8292,DN8292,1 L 3,,,,NJ,ATLANTIC,PLEASANTVILLE (2019),39 28 33.     (N),074 32 18.     (W),39.4758333333,-74.5383333333,,NAD 83,(1986),,SCALED,20.174,NAVD 88,,ADJUSTED,-33.820,GEOID18,20.163,980128.6,,,,,,,,1,2,,,,NJ,71320.,146700.,,,,,,,,C,20100513,20100513,MONUMENTED,NJGS,N,DD = SURVEY DISK,34 = SET IN THE FOOTINGS OF SMALL/MEDIUM STRUCTURES,1 L 3 2010
,20260103,http://www.ngs.noaa.gov/cgi-bin/ds_mark.prl?PidBox=DQ7318,DQ7318,1 L 4,,,,NJ,ATLANTIC,OCEAN CITY (2019),39 18 32.16   (N),074 35 56.55   (W),39.3089333333,-74.5990416667,,NAD 83,(1986),,HD_HELD1,3.445,NAVD 88,,ADJUSTED,-34.470,GEOID18,3.443,980103.8,,,,,,,,1,2,,,,NJ,52799.0,141458.7,,,,,,,,C,20170123,20170123,MONUMENTED,NJGS,N,DD = SURVEY DISK,35 = SET IN A MAT FOUNDATION OR CONCRETE SLAB OTHER THAN PAVEMENT,1 L 4 2017
,20260103,http://www.ngs.noaa.gov/cgi-bin/ds_mark.prl?PidBox=DQ8268,DQ8268,1 L 5,,,,NJ,ATLANTIC,ATLANTIC CITY (2019),39 22 19.41   (N),074 25 56.30   (W),39.3720583333,-74.4323055556,,NAD 83,(1986),,HD_HELD1,1.983,NAVD 88,,ADJUSTED,-34.376,GEOID18,1.982,980108.4,,,,,,,,1,2,,,,NJ,59804.1,155832.7,,,,,,,,B,20170518,20210520,GOOD,NJGS,N,DD = SURVEY DISK,36 = SET IN A MASSIVE STRUCTURE,1 L 5 2017
,20260103,http://www.ngs.noaa.gov/cgi-bin/ds_mark.prl?PidBox=DQ8293,DQ8293,1 L 6,,,,NJ,ATLANTIC,PLEASANTVILLE (2019),39 23 16.07   (N),074 31 04.46   (W),39.3877972222,-74.5179055556,,NAD 83,(1986),,HD_HELD1,2.088,NAVD 88,,ADJUSTED,-34.205,GEOID18,2.087,980113.7,,,,,,,,1,2,,,,NJ,61549.2,148457.6,,,,,,,,C,UNK,20170523,GOOD,NJGS,Y,DD = SURVEY DISK,7 = SET IN TOP OF CONCRETE MONUMENT,1 L 6 2017
,20260103,http://www.ngs.noaa.gov/cgi-bin/ds_mark.prl?PidBox=DR7218,DR7218,1 L 7,,,,NJ,ATLANTIC,OCEANVILLE (2019),39 23 35.32   (N),074 23 50.53   (W),39.3931444444,-74.3973694444,,NAD 83,(1986),,HD_HELD1,1.547,NAVD 88,,ADJUSTED,-34.326,GEOID18,1.546,980112.2,,,,,,,,1,2,,,,NJ,62147.7,158840.2,,,,,,,,C,20210525,20210525,MONUMENTED,NJGS,Y,DD = SURVEY DISK,34 = SET IN THE FOOTINGS OF SMALL/MEDIUM STRUCTURES,1 L 7 2021
,20260103,http://www.ngs.noaa.gov/cgi-bin/ds_mark.prl?PidBox=AM6974,AM6974,1 M 1,,,,NJ,ATLANTIC,OCEAN CITY (2019),39 18 59.16   (N),074 35 06.68   (W),39.3164333333,-74.5851888889,,NAD 83,(1986),,HD_HELD1,3.256,NAVD 88,,ADJUSTED,-34.450,GEOID18,3.254,980104.7,,,,,,,,1,2,,,,NJ,53630.4,142654.1,,,,,,,,B,2000,20180424,GOOD,NJGS,Y,DD = SURVEY DISK,36 = SET IN A MASSIVE STRUCTURE,1 M 1 2000
,20260103,http://www.ngs.noaa.gov/cgi-bin/ds_mark.prl?PidBox=DN8265,DN8265,1 M 2,,,,NJ,ATLANTIC,PLEASANTVILLE (2019),39 28 26.60   (N),074 31 37.93   (W),39.4740555556,-74.5272027778,,NAD 83,(1986),,HD_HELD1,17.117,NAVD 88,,ADJUSTED,-33.828,GEOID18,17.109,980128.6,,,,,,,,1,2,,,,NJ,71125.2,147659.6,,,,,,,,C,20100507,20180525,GOOD,NJGS,Y,DD = SURVEY DISK,32 = SET IN A RETAINING WALL OR CONCRETE LEDGE,1 M 2 2010
,20260103,http://www.ngs.noaa.gov/cgi-bin/ds_mark.prl?PidBox=DN8294,DN8294,1 M 3,,,,NJ,ATLANTIC,PLEASANTVILLE (2019),39 28 47.     (N),074 33 43.     (W),39.4797222222,-74.5619444444,,NAD 83,(1986),,SCALED,19.112,NAVD 88,,ADJUSTED,-33.807,GEOID18,19.102,980128.4,,,,,,,,1,2,,,,NJ,71760.,144670.,,,,,,,,D,20100513,20100513,MONUMENTED,NJGS,N,DD = SURVEY DISK,31 = SET IN A PAVEMENT SUCH AS STREET SIDEWALK CURB ETC.,1 M 3 2010
,20260103,http://www.ngs.noaa.gov/cgi-bin/ds_mark.prl?PidBox=DQ7315,DQ7315,1 M 4,,,,NJ,ATLANTIC,OCEAN CITY (2019),39 18 43.41   (N),074 36 46.02   (W),39.3120583333,-74.6127833333,,NAD 83,(1986),,HD_HELD1,2.212,NAVD 88,,ADJUSTED,-34.443,GEOID18,2.211,980104.6,,,,,,,,1,2,,,,NJ,53147.3,140274.0,,,,,,,,C,20170814,20170814,MONUMENTED,NJGS,N,DD = SURVEY DISK,35 = SET IN A MAT FOUNDATION OR CONCRETE SLAB OTHER THAN PAVEMENT,1 M 4 2017
,20260103,http://www.ngs.noaa.gov/cgi-bin/ds_mark.prl?PidBox=DQ8269,DQ8269,1 M 5,,,,NJ,ATLANTIC,ATLANTIC CITY (2019),39 22 14.07   (N),074 25 51.27   (W),39.3705750000,-74.4309083333,,NAD 83,(1986),,HD_HELD1,1.738,NAVD 88,,ADJUSTED,-34.384,GEOID18,1.737,980108.1,,,,,,,,1,2,,,,NJ,59639.5,155953.2,,,,,,,,B,20170605,20210520,GOOD,NJGS,N,DD = SURVEY DISK,36 = SET IN A MASSIVE STRUCTURE,1 M 5 2017
,20260103,http://www.ngs.noaa.gov/cgi-bin/ds_mark.prl?PidBox=DQ8294,DQ8294,1 M 6,,,,NJ,ATLANTIC,PLEASANTVILLE (2019),39 23 18.43   (N),074 31 11.14   (W),39.3884527778,-74.5197611111,,NAD 83,(1986),,HD_HELD1,2.592,NAVD 88,,ADJUSTED,-34.199,GEOID18,2.591,980113.8,,,,,,,,1,2,,,,NJ,61622.1,148297.7,,,,,,,,C,UNK,20170523,GOOD,NJGS,Y,DD = SURVEY DISK,7 = SET IN TOP OF CONCRETE MONUMENT,1 M 6 2017
,20260103,http://www.ngs.noaa.gov/cgi-bin/ds_mark.prl?PidBox=DR7217,DR7217,1 M 7,,,,NJ,ATLANTIC,OCEANVILLE (2019),39 23 39.75   (N),074 23 52.45   (W),39.3943750000,-74.3979027778,,NAD 83,(1986),,HD_HELD1,1.776,NAVD 88,,ADJUSTED,-34.320,GEOID18,1.775,980112.4,,,,,,,,1,2,,,,NJ,62284.3,158794.1,,,,,,,,C,20210525,20210525,MONUMENTED,NJGS,,DD = SURVEY DISK,35 = SET IN A MAT FOUNDATION OR CONCRETE SLAB OTHER THAN PAVEMENT,1 M 7 2021
,20260103,http://www.ngs.noaa.gov/cgi-bin/ds_mark.prl?PidBox=AM6975,AM6975,1 N 1,,,,NJ,ATLANTIC,OCEAN CITY (2019),39 18 50.8    (N),074 34 16.2    (W),39.3141111111,-74.5711666667,,NAD 83,(1986),,HD_HELD2,3.057,NAVD 88,,ADJUSTED,-34.475,GEOID18,3.056,980104.0,,,,,,,,1,2,,,,NJ,53372.,143863.,,,,,,,,D,2000,20111109,GOOD,INDIV,Y,DD = SURVEY DISK,31 = SET IN A PAVEMENT SUCH AS STREET SIDEWALK CURB ETC.,1 N 1 2000
,20260103,http://www.ngs.noaa.gov/cgi-bin/ds_mark.prl?PidBox=DN8266,DN8266,1 N 2,,,,NJ,ATLANTIC,PLEASANTVILLE (2019),39 28 21.94   (N),074 31 04.32   (W),39.4727611111,-74.5178666667,,NAD 83,(1986),,HD_HELD1,19.129,NAVD 88,,ADJUSTED,-33.836,GEOID18,19.119,980128.6,,,,,,,,1,2,,,,NJ,70981.3,148462.8,,,,,,,,D,20100507,20100507,MONUMENTED,NJGS,Y,DD = SURVEY DISK,31 = SET IN A PAVEMENT SUCH AS STREET SIDEWALK CURB ETC.,1 N 2 2010
,20260103,http://www.ngs.noaa.gov/cgi-bin/ds_mark.prl?PidBox=DN8293,DN8293,1 N 3,,,,NJ,ATLANTIC,PLEASANTVILLE (2019),39 28 51.     (N),074 34 12.     (W),39.4808333333,-74.5700000000,,NAD 83,(1986),,SCALED,18.449,NAVD 88,,ADJUSTED,-33.805,GEOID18,18.439,980128.2,,,,,,,,1,2,,,,NJ,71880.,143980.,,,,,,,,D,20100513,20100513,MONUMENTED,NJGS,N,DD = SURVEY DISK,31 = SET IN A PAVEMENT SUCH AS STREET SIDEWALK CURB ETC.,1 N 3 2010
,20260103,http://www.ngs.noaa.gov/cgi-bin/ds_mark.prl?PidBox=DQ7316,DQ7316,1 N 4,,,,NJ,ATLANTIC,OCEAN CITY (2019),39 18 39.64   (N),074 36 32.16   (W),39.3110111111,-74.6089333333,,NAD 83,(1986),,HD_HELD1,0.978,NAVD 88,,ADJUSTED,-34.451,GEOID18,0.978,980104.3,,,,,,,,1,2,,,,NJ,53030.6,140605.9,,,,,,,,C,20170814,20170814,MONUMENTED,NJGS,Y,DD = SURVEY DISK,32 = SET IN A RETAINING WALL OR CONCRETE LEDGE,1 N 4 2017
,20260103,http://www.ngs.noaa.gov/cgi-bin/ds_mark.prl?PidBox=DQ8270,DQ8270,1 N 5,,,,NJ,ATLANTIC,OCEANVILLE (2019),39 22 36.48   (N),074 26 59.99   (W),39.3768000000,-74.4499972222,,NAD 83,(1986),,HD_HELD1,3.431,NAVD 88,,ADJUSTED,-34.335,GEOID18,3.429,980109.9,,,,,,,,1,2,,,,NJ,60329.5,154308.1,,,,,,,,B,20170518,20170518,MONUMENTED,NJGS,Y,DD = SURVEY DISK,36 = SET IN A MASSIVE STRUCTURE,1 N 5 2017
,20260103,http://www.ngs.noaa.gov/cgi-bin/ds_mark.prl?PidBox=DQ8295,DQ8295,1 N 6,,,,NJ,ATLANTIC,PLEASANTVILLE (2019),39 23 27.80   (N),074 31 35.18   (W),39.3910555556,-74.5264388889,,NAD 83,(1986),,HD_HELD1,7.526,NAVD 88,,ADJUSTED,-34.178,GEOID18,7.522,980114.4,,,,,,,,1,2,,,,NJ,61911.1,147722.6,,,,,,,,C,UNK,20170523,GOOD,NJGS,Y,DD = SURVEY DISK,7 = SET IN TOP OF CONCRETE MONUMENT,1 N 6 2017
,20260103,http://www.ngs.noaa.gov/cgi-bin/ds_mark.prl?PidBox=DR7238,DR7238,1 N 7,,,,NJ,ATLANTIC,OCEANVILLE (2019),39 23 40.74   (N),074 23 53.08   (W),39.3946500000,-74.3980777778,,NAD 83,(1986),,HD_HELD1,1.864,NAVD 88,,ADJUSTED,-34.319,GEOID18,1.863,980112.5,,,,,,,,1,2,,,,NJ,62314.8,158779.0,,,,,,,,D,20210526,20210526,MONUMENTED,NJGS,Y,DD = SURVEY DISK,31 = SET IN A PAVEMENT SUCH AS STREET SIDEWALK CURB ETC.,1 N 7 2021
,20260103,http://www.ngs.noaa.gov/cgi-bin/ds_mark.prl?PidBox=AM6976,AM6976,1 P 1,,,,NJ,ATLANTIC,OCEAN CITY (2019),39 18 50.7    (N),074 34 05.7    (W),39.3140833333,-74.5682500000,,NAD 83,(1986),,HD_HELD2,3.018,NAVD 88,,ADJUSTED,-34.478,GEOID18,3.017,980104.0,,,,,,,,1,2,,,,NJ,53368.,144115.,,,,,,,,D,2000,20111109,GOOD,INDIV,Y,DD = SURVEY DISK,31 = SET IN A PAVEMENT SUCH AS STREET SIDEWALK CURB ETC.,1 P 1 2000
,20260103,http://www.ngs.noaa.gov/cgi-bin/ds_mark.prl?PidBox=DN8267,DN8267,1 P 2,,,,NJ,ATLANTIC,PLEASANTVILLE (2019),39 28 00.     (N),074 30 59.     (W),39.4666666667,-74.5163888889,,NAD 83,(1986),,SCALED,15.046,NAVD 88,,ADJUSTED,-33.859,GEOID18,15.038,980127.5,,,,,,,,1,2,,,,NJ,70310.,148590.,,,,,,,,D,20100507,20100507,MONUMENTED,NJGS,Y,DD = SURVEY DISK,31 = SET IN A PAVEMENT SUCH AS STREET SIDEWALK CURB ETC.,1 P 2 2010
,20260103,http://www.ngs.noaa.gov/cgi-bin/ds_mark.prl?PidBox=DN8298,DN8298,1 P 3,,,,NJ,ATLANTIC,PLEASANTVILLE (2019),39 28 38.12   (N),074 34 39.58   (W),39.4772555556,-74.5776611111,,NAD 83,(1986),,HD_HELD1,20.013,NAVD 88,,ADJUSTED,-33.817,GEOID18,20.003,980127.5,,,,,,,,1,2,,,,NJ,71483.0,143318.6,,,,,,,,C,20100520,20100520,MONUMENTED,NJGS,Y,DD = SURVEY DISK,7 = SET IN TOP OF CONCRETE MONUMENT,1 P 3 2010
,20260103,http://www.ngs.noaa.gov/cgi-bin/ds_mark.prl?PidBox=DQ7317,DQ7317,1 P 4,,,,NJ,ATLANTIC,OCEAN CITY (2019),39 18 35.38   (N),074 36 14.94   (W),39.3098277778,-74.6041500000,,NAD 83,(1986),,HD_HELD1,2.592,NAVD 88,,ADJUSTED,-34.461,GEOID18,2.591,980104.0,,,,,,,,1,2,,,,NJ,52898.8,141018.2,,,,,,,,D,20170814,20170814,MONUMENTED,NJGS,N,DD = SURVEY DISK,31 = SET IN A PAVEMENT SUCH AS STREET SIDEWALK CURB ETC.,1 P 4 2017
,20260103,http://www.ngs.noaa.gov/cgi-bin/ds_mark.prl?PidBox=DQ8271,DQ8271,1 P 5,,,,NJ,ATLANTIC,OCEANVILLE (2019),39 22 34.57   (N),074 26 52.85   (W),39.3762694444,-74.4480138889,,NAD 83,(1986),,HD_HELD1,2.035,NAVD 88,,ADJUSTED,-34.339,GEOID18,2.034,980109.7,,,,,,,,1,2,,,,NJ,60270.7,154479.0,,,,,,,,C,20170518,20210727,GOOD,NJGS,N,DD = SURVEY DISK,35 = SET IN A MAT FOUNDATION OR CONCRETE SLAB OTHER THAN PAVEMENT,1 P 5 2017
,20260103,http://www.ngs.noaa.gov/cgi-bin/ds_mark.prl?PidBox=DQ8296,DQ8296,1 P 6,,,,NJ,ATLANTIC,PLEASANTVILLE (2019),39 23 29.95   (N),074 31 40.96   (W),39.3916527778,-74.5280444444,,NAD 83,(1986),,HD_HELD1,8.579,NAVD 88,,ADJUSTED,-34.173,GEOID18,8.575,980114.5,,,,,,,,1,2,,,,NJ,61977.5,147584.3,,,,,,,,C,UNK,20170523,GOOD,NJGS,Y,DD = SURVEY DISK,7 = SET IN TOP OF CONCRETE MONUMENT,1 P 6 2017
,20260103,http://www.ngs.noaa.gov/cgi-bin/ds_mark.prl?PidBox=DR7244,DR7244,1 P 7,,,,NJ,ATLANTIC,BRIGANTINE INLET (2019),39 24 39.92   (N),074 21 57.82   (W),39.4110888889,-74.3660611111,,NAD 83,(1986),,HD_HELD1,1.350,NAVD 88,,ADJUSTED,-34.287,GEOID18,1.349,980115.5,,,,,,,,1,2,,,,NJ,64143.3,161534.1,,,,,,,,D,20210602,20210602,MONUMENTED,NJGS,Y,DD = SURVEY DISK,31 = SET IN A PAVEMENT SUCH AS STREET SIDEWALK CURB ETC.,1 P 7 2021
,20260103,http://www.ngs.noaa.gov/cgi-bin/ds_mark.prl?PidBox=AM6977,AM6977,1 Q 1,,,,NJ,ATLANTIC,OCEAN CITY (2019),39 18 45.2    (N),074 33 14.4    (W),39.3125555556,-74.5540000000,,NAD 83,(1986),,HD_HELD2,4.952,NAVD 88,,ADJUSTED,-34.500,GEOID18,4.950,980103.5,,,,,,,,1,2,,,,NJ,53198.,145343.,,,,,,,,C,2000,20111109,GOOD,INDIV,Y,DD = SURVEY DISK,7 = SET IN TOP OF CONCRETE MONUMENT,1 Q 1 2000
,20260103,http://www.ngs.noaa.gov/cgi-bin/ds_mark.prl?PidBox=DN8268,DN8268,1 Q 2,,,,NJ,ATLANTIC,PLEASANTVILLE (2019),39 27 33.     (N),074 31 31.     (W),39.4591666667,-74.5252777778,,NAD 83,(1986),,SCALED,17.910,NAVD 88,,ADJUSTED,-33.884,GEOID18,17.901,980126.1,,,,,,,,1,2,,,,NJ,69470.,147830.,,,,,,,,C,20100507,20100507,MONUMENTED,NJGS,N,DD = SURVEY DISK,7 = SET IN TOP OF CONCRETE MONUMENT,1 Q 2 2010
,20260103,http://www.ngs.noaa.gov/cgi-bin/ds_mark.prl?PidBox=DN8295,DN8295,1 Q 3,,,,NJ,ATLANTIC,PLEASANTVILLE (2019),39 28 09.     (N),074 35 45.     (W),39.4691666667,-74.5958333333,,NAD 83,(1986),,SCALED,21.109,NAVD 88,,ADJUSTED,-33.840,GEOID18,21.098,980126.1,,,,,,,,1,2,,,,NJ,70590.,141750.,,,,,,,,C,20100513,20100513,MONUMENTED,NJGS,Y,DD = SURVEY DISK,34 = SET IN THE FOOTINGS OF SMALL/MEDIUM STRUCTURES,1 Q 3 2010
,20260103,http://www.ngs.noaa.gov/cgi-bin/ds_mark.prl?PidBox=DQ7314,DQ7314,1 Q 4,,,,NJ,ATLANTIC,OCEAN CITY (2019),39 18 35.09   (N),074 37 01.20   (W),39.3097472222,-74.6170000000,,NAD 83,(1986),,HD_HELD1,3.720,NAVD 88,,ADJUSTED,-34.449,GEOID18,3.718,980104.3,,,,,,,,1,2,,,,NJ,52891.2,139910.1,,,,,,,,D,20170814,20170814,MONUMENTED,NJGS,Y,DD = SURVEY DISK,31 = SET IN A PAVEMENT SUCH AS STREET SIDEWALK CURB ETC.,1 Q 4 2017
,20260103,http://www.ngs.noaa.gov/cgi-bin/ds_mark.prl?PidBox=DQ8272,DQ8272,1 Q 5,,,,NJ,ATLANTIC,OCEANVILLE (2019),39 22 56.52   (N),074 25 36.25   (W),39.3823666667,-74.4267361111,,NAD 83,(1986),,HD_HELD1,2.777,NAVD 88,,ADJUSTED,-34.338,GEOID18,2.775,980110.2,,,,,,,,1,2,,,,NJ,60948.8,156311.7,,,,,,,,C,20170518,20210527,GOOD,NJGS,Y,DD = SURVEY DISK,7 = SET IN TOP OF CONCRETE MONUMENT,1 Q 5 2017
,20260103,http://www.ngs.noaa.gov/cgi-bin/ds_mark.prl?PidBox=DQ8297,DQ8297,1 Q 6,,,,NJ,ATLANTIC,PLEASANTVILLE (2019),39 23 54.27   (N),074 31 00.03   (W),39.3984083333,-74.5166750000,,NAD 83,(1986),,HD_HELD1,10.003,NAVD 88,,ADJUSTED,-34.157,GEOID18,9.997,980115.4,,,,,,,,1,2,,,,NJ,62727.2,148563.8,,,,,,,,B,20170525,20170525,MONUMENTED,NJGS,N,DD = SURVEY DISK,38 = SET IN THE ABUTMENT OR PIER OF A LARGE BRIDGE,1 Q 6 2017
,20260103,http://www.ngs.noaa.gov/cgi-bin/ds_mark.prl?PidBox=DR7243,DR7243,1 Q 7,,,,NJ,ATLANTIC,BRIGANTINE INLET (2019),39 24 30.63   (N),074 22 11.12   (W),39.4085083333,-74.3697555556,,NAD 83,(1986),,HD_HELD1,1.270,NAVD 88,,ADJUSTED,-34.293,GEOID18,1.269,980115.1,,,,,,,,1,2,,,,NJ,63856.4,161216.3,,,,,,,,D,20210602,20210602,MONUMENTED,NJGS,Y,DD = SURVEY DISK,31 = SET IN A PAVEMENT SUCH AS STREET SIDEWALK CURB ETC.,1 Q 7 2021
,20260103,http://www.ngs.noaa.gov/cgi-bin/ds_mark.prl?PidBox=AM6978,AM6978,1 R 1,,,,NJ,ATLANTIC,OCEAN CITY (2019),39 18 45.7    (N),074 32 39.2    (W),39.3126944444,-74.5442222222,,NAD 83,(1986),,HD_HELD2,4.092,NAVD 88,,ADJUSTED,-34.509,GEOID18,4.090,980103.2,,,,,,,,1,2,,,,NJ,53213.,146186.,,,,,,,,B,2000,20200605,GOOD,NJGS,Y,DD = SURVEY DISK,38 = SET IN THE ABUTMENT OR PIER OF A LARGE BRIDGE,1 R 1 2000
,20260103,http://www.ngs.noaa.gov/cgi-bin/ds_mark.prl?PidBox=DN8269,DN8269,1 R 2,,,,NJ,ATLANTIC,PLEASANTVILLE (2019),39 27 13.     (N),074 31 52.     (W),39.4536111111,-74.5311111111,,NAD 83,(1986),,SCALED,12.326,NAVD 88,,ADJUSTED,-33.903,GEOID18,12.320,980125.1,,,,,,,,1,2,,,,NJ,68860.,147320.,,,,,,,,D,20100507,20100507,MONUMENTED,NJGS,Y,DD = SURVEY DISK,31 = SET IN A PAVEMENT SUCH AS STREET SIDEWALK CURB ETC.,1 R 2 2010
,20260103,http://www.ngs.noaa.gov/cgi-bin/ds_mark.prl?PidBox=DN8287,DN8287,1 R 3,,,,NJ,ATLANTIC,PLEASANTVILLE (2019),39 25 58.33   (N),074 34 40.27   (W),39.4328694444,-74.5778527778,,NAD 83,(1986),,HD_HELD1,16.029,NAVD 88,,ADJUSTED,-33.952,GEOID18,16.020,980122.2,,,,,,,,1,2,,,,NJ,66555.6,143297.8,,,,,,,,C,20100514,20180605,GOOD,NJGS,Y,DD = SURVEY DISK,32 = SET IN A RETAINING WALL OR CONCRETE LEDGE,1 R 3 2010
,20260103,http://www.ngs.noaa.gov/cgi-bin/ds_mark.prl?PidBox=DQ8247,DQ8247,1 R 4,,,,NJ,ATLANTIC,ATLANTIC CITY (2019),39 20 38.70   (N),074 27 57.24   (W),39.3440833333,-74.4659000000,,NAD 83,(1986),,HD_HELD1,2.705,NAVD 88,,ADJUSTED,-34.459,GEOID18,2.704,980105.1,,,,,,,,1,2,,,,NJ,56696.9,152939.3,,,,,,,,C,20170412,20170412,MONUMENTED,NJGS,Y,DD = SURVEY DISK,34 = SET IN THE FOOTINGS OF SMALL/MEDIUM STRUCTURES,1 R 4 2017
,20260103,http://www.ngs.noaa.gov/cgi-bin/ds_mark.prl?PidBox=DQ8273,DQ8273,1 R 5,,,,NJ,ATLANTIC,ATLANTIC CITY (2019),39 22 10.28   (N),074 25 24.63   (W),39.3695222222,-74.4235083333,,NAD 83,(1986),,HD_HELD1,1.536,NAVD 88,,ADJUSTED,-34.397,GEOID18,1.535,980107.6,,,,,,,,1,2,,,,NJ,59523.1,156590.9,,,,,,,,B,20170518,20210512,GOOD,NJGS,N,DD = SURVEY DISK,36 = SET IN A MASSIVE STRUCTURE,1 R 5 2017
,20260103,http://www.ngs.noaa.gov/cgi-bin/ds_mark.prl?PidBox=DQ8298,DQ8298,1 R 6,,,,NJ,ATLANTIC,PLEASANTVILLE (2019),39 23 30.70   (N),074 31 21.16   (W),39.3918611111,-74.5225444444,,NAD 83,(1986),,HD_HELD1,8.896,NAVD 88,,ADJUSTED,-34.180,GEOID18,8.892,980114.4,,,,,,,,1,2,,,,NJ,62000.5,148058.1,,,,,,,,C,20170525,20170525,MONUMENTED,NJGS,N,DD = SURVEY DISK,35 = SET IN A MAT FOUNDATION OR CONCRETE SLAB OTHER THAN PAVEMENT,1 R 6 2017
,20260103,http://www.ngs.noaa.gov/cgi-bin/ds_mark.prl?PidBox=DR7242,DR7242,1 R 7,,,,NJ,ATLANTIC,BRIGANTINE INLET (2019),39 24 13.18   (N),074 22 28.16   (W),39.4036611111,-74.3744888889,,NAD 83,(1986),,HD_HELD1,1.762,NAVD 88,,ADJUSTED,-34.309,GEOID18,1.761,980114.3,,,,,,,,1,2,,,,NJ,63317.7,160809.4,,,,,,,,D,20210602,20210602,MONUMENTED,NJGS,Y,DD = SURVEY DISK,31 = SET IN A PAVEMENT SUCH AS STREET SIDEWALK CURB ETC.,1 R 7 2021
,20260103,http://www.ngs.noaa.gov/cgi-bin/ds_mark.prl?PidBox=AM6987,AM6987,1 S 1,,,,NJ,ATLANTIC,OCEAN CITY (2019),39 18 56.     (N),074 36 19.     (W),39.3155555556,-74.6052777778,,NAD 83,(1986),,SCALED,7.194,NAVD 88,,ADJUSTED,-34.435,GEOID18,7.190,980105.1,,,,,,,,1,2,,,,NJ,53540.,140920.,,,,,,,,C,2000,20000526,GOOD,NJGS,Y,DD = SURVEY DISK,7 = SET IN TOP OF CONCRETE MONUMENT,1 S 1 2000
,20260103,http://www.ngs.noaa.gov/cgi-bin/ds_mark.prl?PidBox=DN8270,DN8270,1 S 2,,,,NJ,ATLANTIC,PLEASANTVILLE (2019),39 27 06.     (N),074 32 11.     (W),39.4516666667,-74.5363888889,,NAD 83,(1986),,SCALED,15.516,NAVD 88,,ADJUSTED,-33.908,GEOID18,15.509,980124.7,,,,,,,,1,2,,,,NJ,68640.,146870.,,,,,,,,B,20100506,20100506,MONUMENTED,NJGS,N,DD = SURVEY DISK,38 = SET IN THE ABUTMENT OR PIER OF A LARGE BRIDGE,1 S 2 2010
,20260103,http://www.ngs.noaa.gov/cgi-bin/ds_mark.prl?PidBox=DN8288,DN8288,1 S 3,,,,NJ,ATLANTIC,PLEASANTVILLE (2019),39 26 15.60   (N),074 34 13.46   (W),39.4376666667,-74.5704055556,,NAD 83,(1986),,HD_HELD1,12.456,NAVD 88,,ADJUSTED,-33.939,GEOID18,12.449,980122.7,,,,,,,,1,2,,,,NJ,67087.6,143939.4,,,,,,,,C,20100514,20190208,GOOD,BASE9,Y,DD = SURVEY DISK,32 = SET IN A RETAINING WALL OR CONCRETE LEDGE,1 S 3 2010
,20260103,http://www.ngs.noaa.gov/cgi-bin/ds_mark.prl?PidBox=DQ8248,DQ8248,1 S 4,,,,NJ,ATLANTIC,ATLANTIC CITY (2019),39 20 53.64   (N),074 27 28.90   (W),39.3482333333,-74.4580277778,,NAD 83,(1986),,HD_HELD1,4.142,NAVD 88,,ADJUSTED,-34.450,GEOID18,4.140,980105.5,,,,,,,,1,2,,,,NJ,57157.9,153617.7,,,,,,,,B,20170412,20170412,MONUMENTED,NJGS,N,DD = SURVEY DISK,36 = SET IN A MASSIVE STRUCTURE,1 S 4 2017
,20260103,http://www.ngs.noaa.gov/cgi-bin/ds_mark.prl?PidBox=DQ8274,DQ8274,1 S 5,,,,NJ,ATLANTIC,ATLANTIC CITY (2019),39 22 09.52   (N),074 25 35.12   (W),39.3693111111,-74.4264222222,,NAD 83,(1986),,HD_HELD1,1.855,NAVD 88,,ADJUSTED,-34.394,GEOID18,1.854,980107.7,,,,,,,,1,2,,,,NJ,59499.5,156339.9,,,,,,,,C,20170518,20210512,GOOD,NJGS,Y,DD = SURVEY DISK,35 = SET IN A MAT FOUNDATION OR CONCRETE SLAB OTHER THAN PAVEMENT,1 S 5 2017
,20260103,http://www.ngs.noaa.gov/cgi-bin/ds_mark.prl?PidBox=DQ8299,DQ8299,1 S 6,,,,NJ,ATLANTIC,PLEASANTVILLE (2019),39 23 00.03   (N),074 32 33.47   (W),39.3833416667,-74.5426305556,,NAD 83,(1986),,HD_HELD1,10.398,NAVD 88,,ADJUSTED,-34.192,GEOID18,10.393,980113.9,,,,,,,,1,2,,,,NJ,61055.3,146327.4,,,,,,,,C,20170525,20231023,GOOD,NJGS,Y,DD = SURVEY DISK,34 = SET IN THE FOOTINGS OF SMALL/MEDIUM STRUCTURES,1 S 6 2017
,20260103,http://www.ngs.noaa.gov/cgi-bin/ds_mark.prl?PidBox=DR7216,DR7216,1 S 7,,,,NJ,ATLANTIC,OCEANVILLE (2019),39 23 33.07   (N),074 24 24.81   (W),39.3925194444,-74.4068916667,,NAD 83,(1986),,HD_HELD1,1.902,NAVD 88,,ADJUSTED,-34.317,GEOID18,1.901,980112.0,,,,,,,,1,2,,,,NJ,62077.4,158020.1,,,,,,,,D,20210525,20210525,MONUMENTED,NJGS,,DD = SURVEY DISK,31 = SET IN A PAVEMENT SUCH AS STREET SIDEWALK CURB ETC.,1 S 7 2021
,20260103,http://www.ngs.noaa.gov/cgi-bin/ds_mark.prl?PidBox=AM6988,AM6988,1 T 1,,,,NJ,CAPE MAY,OCEAN CITY (2019),39 18 14.     (N),074 35 39.     (W),39.3038888889,-74.5941666667,,NAD 83,(1986),,SCALED,1.856,NAVD 88,,ADJUSTED,-34.497,GEOID18,1.855,980102.8,,,,,,,,1,2,,,,NJ,52240.,141880.,,,,,,,,,2000,20180628,MARK NOT FOUND,NJGS,Y,,,1 T 1 2000
,20260103,http://www.ngs.noaa.gov/cgi-bin/ds_mark.prl?PidBox=DN8271,DN8271,1 T 2,,,,NJ,ATLANTIC,PLEASANTVILLE (2019),39 27 00.31   (N),074 32 04.32   (W),39.4500861111,-74.5345333333,,NAD 83,(1986),,HD_HELD1,11.376,NAVD 88,,ADJUSTED,-33.915,GEOID18,11.370,980124.5,,,,,,,,1,2,,,,NJ,68464.5,147027.8,,,,,,,,C,UNK,20240212,GOOD,NJGS,Y,DD = SURVEY DISK,7 = SET IN TOP OF CONCRETE MONUMENT,1 T 2 2010
,20260103,http://www.ngs.noaa.gov/cgi-bin/ds_mark.prl?PidBox=DN8289,DN8289,1 T 3,,,,NJ,ATLANTIC,PLEASANTVILLE (2019),39 26 27.72   (N),074 34 09.04   (W),39.4410333333,-74.5691777778,,NAD 83,(1986),,HD_HELD1,10.993,NAVD 88,,ADJUSTED,-33.929,GEOID18,10.987,980123.2,,,,,,,,1,2,,,,NJ,67461.2,144045.4,,,,,,,,C,20100514,20190208,GOOD,BASE9,Y,DD = SURVEY DISK,32 = SET IN A RETAINING WALL OR CONCRETE LEDGE,1 T 3 2010
,20260103,http://www.ngs.noaa.gov/cgi-bin/ds_mark.prl?PidBox=DQ8249,DQ8249,1 T 4,,,,NJ,ATLANTIC,ATLANTIC CITY (2019),39 21 11.15   (N),074 27 23.24   (W),39.3530972222,-74.4564555556,,NAD 83,(1986),,HD_HELD1,3.280,NAVD 88,,ADJUSTED,-34.430,GEOID18,3.278,980106.2,,,,,,,,1,2,,,,NJ,57697.9,153752.9,,,,,,,,B,UNK,20170518,GOOD,NJGS,Y,DD = SURVEY DISK,36 = SET IN A MASSIVE STRUCTURE,1 T 4 2017
,20260103,http://www.ngs.noaa.gov/cgi-bin/ds_mark.prl?PidBox=DQ8275,DQ8275,1 T 5,,,,NJ,ATLANTIC,ATLANTIC CITY (2019),39 20 29.31   (N),074 28 41.70   (W),39.3414750000,-74.4782500000,,NAD 83,(1986),,HD_HELD1,4.409,NAVD 88,,ADJUSTED,-34.455,GEOID18,4.407,980105.0,,,,,,,,1,2,,,,NJ,56407.0,151874.8,,,,,,,,B,20170518,20170518,MONUMENTED,NJGS,N,DD = SURVEY DISK,36 = SET IN A MASSIVE STRUCTURE,1 T 5 2017
,20260103,http://www.ngs.noaa.gov/cgi-bin/ds_mark.prl?PidBox=DQ8300,DQ8300,1 T 6,,,,NJ,ATLANTIC,ATLANTIC CITY (2019),39 21 35.91   (N),074 27 41.93   (W),39.3599750000,-74.4616472222,,NAD 83,(1986),,HD_HELD1,2.374,NAVD 88,,ADJUSTED,-34.395,GEOID18,2.373,980107.4,,,,,,,,1,2,,,,NJ,58461.2,153305.1,,,,,,,,C,UNK,20170612,GOOD,NJGS,Y,DD = SURVEY DISK,7 = SET IN TOP OF CONCRETE MONUMENT,1 T 6 2017
