FeatureId,DATA_DATE,DATA_SRCE,PID,NAME,HT_MOD,CORS_ID,PACS_SACS,STATE,COUNTY,QUAD,LATITUDE,LONGITUDE,DEC_LAT,DEC_LON,ELLIP_HT,POS_DATUM,DATUM_TAG,POS_EPOCH,POS_SRCE,ORTHO_HT,VERT_DATUM,VERT_EPOCH,VERT_SRCE,GEOID_HT,GEOID_MOD,DYNAMIC_HT,MODEL_GRAV,N_ACC_HZ,N_ACC_EH,N_ACC_STDN,N_ACC_STDE,N_ACC_STDH,N_ACC_CORR,POS_ORDER,VERT_ORDER,VERT_CLASS,ECEF_X,ECEF_Y,ECEF_Z,SPC_ZONE,SPC_NORTH,SPC_EAST,SPC_CONV,SPC_CSF,UTM_ZONE,UTM_NORTH,UTM_EAST,UTM_CONV,UTM_CSF,STABILITY,FIRST_RECV,LAST_RECV,LAST_COND,LAST_RECBY,SAT_USE,MARKER,SETTING,STAMPING
,20260103,http://www.ngs.noaa.gov/cgi-bin/ds_mark.prl?PidBox=EL0548,EL0548,1,,,,OK,GRADY,NINNEKAH (2018),34 55 58.     (N),097 55 38.     (W),34.9327777778,-97.9272222222,,NAD 83,(1986),,SCALED,341.309,NAVD 88,,ADJUSTED,-26.220,GEOID18,340.971,979635.3,,,,,,,,1,2,,,,OK S,177420.,606650.,,,,,,,,B,UNK,1986,MARK NOT FOUND,NGS,,DB = BENCH MARK DISK,36 = SET IN A MASSIVE STRUCTURE,
,20260103,http://www.ngs.noaa.gov/cgi-bin/ds_mark.prl?PidBox=EM0232,EM0232,1,,,,OK,JACKSON,ALTUS (2018),34 39 03.     (N),099 16 56.     (W),34.6508333333,-99.2822222222,,NAD 83,(1986),,SCALED,412.779,NAVD 88,,ADJUSTED,-26.962,GEOID18,412.341,979561.4,,,,,,,,1,2,,,,OK S,146890.,482460.,,,,,,,,D,UNK,1963,MARK NOT FOUND,USGS,,DD = SURVEY DISK,31 = SET IN A PAVEMENT SUCH AS STREET SIDEWALK CURB ETC.,NO 1
,20260103,http://www.ngs.noaa.gov/cgi-bin/ds_mark.prl?PidBox=DN0049,DN0049,1,,,,OK,BRYAN,ROBERTA (2018),33 59 00.     (N),096 15 02.     (W),33.9833333333,-96.2505555556,,NAD 83,(1986),,SCALED,172.914,NAVD 88,,ADJUSTED,-26.723,GEOID18,172.736,979606.4,,,,,,,,1,2,,,,OK S,73500.,761640.,,,,,,,,C,UNK,1986,MARK NOT FOUND,NGS,,DB = BENCH MARK DISK,7 = SET IN TOP OF CONCRETE MONUMENT,
,20260103,http://www.ngs.noaa.gov/cgi-bin/ds_mark.prl?PidBox=FJ0563,FJ0563,1,,,,OK,KINGFISHER,KINGFISHER (2018),35 48 45.     (N),097 56 20.     (W),35.8125000000,-97.9388888889,,NAD 83,(1986),,SCALED,334.902,NAVD 88,,ADJUSTED,-27.140,GEOID18,334.594,979704.8,,,,,,,,1,2,,,,OK N,90150.,605520.,,,,,,,,C,1935,1985,GOOD,NGS,,Q = CHISELED SQUARE,32 = SET IN A RETAINING WALL OR CONCRETE LEDGE,
,20260103,http://www.ngs.noaa.gov/cgi-bin/ds_mark.prl?PidBox=EL0202,EL0202,1 C 31,,,,OK,JOHNSTON,TROY (2018),34 15 01.     (N),096 45 35.     (W),34.2502777778,-96.7597222222,,NAD 83,(1986),,SCALED,237.874,NAVD 88,,ADJUSTED,-25.674,GEOID18,237.639,979640.7,,,,,,,,2,0,,,,OK S,102410.,714240.,,,,,,,,D,1934,1934,MONUMENTED,OKGS,,DD = SURVEY DISK,9 = POST (STONE OR PRECAST CONCRETE),TT 1 C 31 1934
,20260103,http://www.ngs.noaa.gov/cgi-bin/ds_mark.prl?PidBox=EL0200,EL0200,1 C 33,,,,OK,JOHNSTON,TROY (2018),34 17 04.     (N),096 46 54.     (W),34.2844444444,-96.7816666667,,NAD 83,(1986),,SCALED,267.303,NAVD 88,,ADJUSTED,-25.562,GEOID18,267.041,979647.7,,,,,,,,2,0,,,,OK S,106180.,712170.,,,,,,,,D,1934,1934,MONUMENTED,OKGS,,DD = SURVEY DISK,9 = POST (STONE OR PRECAST CONCRETE),1-C-33
,20260103,http://www.ngs.noaa.gov/cgi-bin/ds_mark.prl?PidBox=EL0194,EL0194,1 C 38,,,,OK,JOHNSTON,TROY (2018),34 21 10.86   (N),096 48 11.10   (W),34.3530166667,-96.8030833333,,NAD 83,(1986),,HD_HELD1,305.503,NAVD 88,,ADJUSTED,-25.424,GEOID18,305.203,979644.1,,,,,,,,2,0,,,,OK S,113759.3,710108.6,,,,,,,,D,1934,1961,GOOD,USGS,,DD = SURVEY DISK,9 = POST (STONE OR PRECAST CONCRETE),TT 1 C 38 1934
,20260103,http://www.ngs.noaa.gov/cgi-bin/ds_mark.prl?PidBox=EL0193,EL0193,1 C 40,,,,OK,JOHNSTON,TROY (2018),34 22 09.     (N),096 48 28.     (W),34.3691666667,-96.8077777778,,NAD 83,(1986),,SCALED,303.249,NAVD 88,,ADJUSTED,-25.412,GEOID18,302.951,979642.4,,,,,,,,2,0,,,,OK S,115550.,709660.,,,,,,,,D,1934,1961,GOOD,USGS,,DD = SURVEY DISK,9 = POST (STONE OR PRECAST CONCRETE),TT 1934 1 C 40
,20260103,http://www.ngs.noaa.gov/cgi-bin/ds_mark.prl?PidBox=EL0192,EL0192,1 C 42,,,,OK,JOHNSTON,MILL CREEK (2018),34 22 55.     (N),096 48 39.     (W),34.3819444444,-96.8108333333,,NAD 83,(1986),,SCALED,298.400,NAVD 88,,ADJUSTED,-25.406,GEOID18,298.106,979641.0,,,,,,,,2,0,,,,OK S,116960.,709360.,,,,,,,,C,1934,1960,MARK NOT FOUND,USGS,,DD = SURVEY DISK,32 = SET IN A RETAINING WALL OR CONCRETE LEDGE,TT 1934 1 C 42
,20260103,http://www.ngs.noaa.gov/cgi-bin/ds_mark.prl?PidBox=EL0187,EL0187,1 C 46,,,,OK,JOHNSTON,MILL CREEK (2018),34 27 03.     (N),096 50 10.     (W),34.4508333333,-96.8361111111,,NAD 83,(1986),,SCALED,346.903,NAVD 88,,ADJUSTED,-25.389,GEOID18,346.561,979636.2,,,,,,,,2,0,,,,OK S,124570.,706950.,,,,,,,,D,1934,1961,MARK NOT FOUND,USGS,,DD = SURVEY DISK,9 = POST (STONE OR PRECAST CONCRETE),1 C 46
,20260103,http://www.ngs.noaa.gov/cgi-bin/ds_mark.prl?PidBox=EL0916,EL0916,1 D 12 TT,,,,OK,CARTER,ARDMORE WEST (2018),34 12 07.05670(N),097 13 03.74753(W),34.2019601944,-97.2177076472,,NAD 83,(1993),,ADJUSTED,286.00,NAVD 88,,VERTCON3,-26.052,GEOID18,,,,,,,,,2,,,,,,OK S,96630.353,672096.678,+0 26 38.6,0.99991726,14,3785985.220,664210.120,+1 00 07.5,0.99993240,D,1934,1934,MONUMENTED,OKGS,,DD = SURVEY DISK,9 = POST (STONE OR PRECAST CONCRETE),1 D 12 TT
,20260103,http://www.ngs.noaa.gov/cgi-bin/ds_mark.prl?PidBox=EL0901,EL0901,1 D 20 TT,,,,OK,CARTER,ARDMORE EAST (2018),34 10 02.50770(N),097 03 36.39498(W),34.1673632500,-97.0601097167,,NAD 83,(1993),,ADJUSTED,277.48,NAVD 88,,VERTCON3,-26.132,GEOID18,,,,,,,,,2,,,,,,OK S,92916.883,686656.375,+0 32 00.6,0.99992279,14,3782413.495,678805.278,+1 05 23.1,0.99999412,C,1934,1934,MONUMENTED,OKGS,,DD = SURVEY DISK,7 = SET IN TOP OF CONCRETE MONUMENT,1 D 20 TT
,20260103,http://www.ngs.noaa.gov/cgi-bin/ds_mark.prl?PidBox=DN1281,DN1281,1 D 81 TT,,,,OK,LOVE,MARIETTA WEST (2019),33 59 14.88331(N),097 07 34.42596(W),33.9874675861,-97.1262294333,,NAD 83,(1993),,ADJUSTED,261.79,NAVD 88,,VERTCON3,-26.145,GEOID18,,,,,,,,,2,,,,,,OK S,72908.651,680733.128,+0 29 45.5,0.99995281,14,3762348.800,673075.722,+1 02 51.8,0.99996928,D,1936,1967,MARK NOT FOUND,CGS,,DD = SURVEY DISK,9 = POST (STONE OR PRECAST CONCRETE),1D81 TT 1936 1948
,20260103,http://www.ngs.noaa.gov/cgi-bin/ds_mark.prl?PidBox=EL0863,EL0863,1 E 6 TT,,,,OK,GARVIN,HENNEPIN (2018),34 31 07.90308(N),097 19 11.56233(W),34.5188619667,-97.3198784250,,NAD 83,(1993),,ADJUSTED,297.73,NAVD 88,,VERTCON3,-25.200,GEOID18,,,,,,,,,3,,,,,,OK S,131712.974,662443.849,+0 23 09.8,0.99989381,14,3820970.308,654213.840,+0 57 08.2,0.99989314,D,1938,1955,GOOD,OKCC,,DD = SURVEY DISK,9 = POST (STONE OR PRECAST CONCRETE),1 E 6 TT 1938
,20260103,http://www.ngs.noaa.gov/cgi-bin/ds_mark.prl?PidBox=GJ0308,GJ0308,1 F,,,,OK,ELLIS,GAGE (2018),36 17 16.     (N),099 46 33.     (W),36.2877777778,-99.7758333333,,NAD 83,(1986),,SCALED,677.945,NAVD 88,,ADJUSTED,-28.310,GEOID18,677.263,979604.4,,,,,,,,1,2,,,,OK N,144340.,440490.,,,,,,,,D,1945,1945,MONUMENTED,CGS,,Q = CHISELED SQUARE,30 = SET IN A LIGHT STRUCTURE,
,20260103,http://www.ngs.noaa.gov/cgi-bin/ds_mark.prl?PidBox=EL0757,EL0757,1 OC 6,,,,OK,JOHNSTON,CADDO NW (2018),34 08 11.09301(N),096 29 40.73003(W),34.1364147250,-96.4946472306,,NAD 83,(1993),,ADJUSTED,246.,NAVD 88,,SCALED,-26.054,GEOID18,,,,,,,,,2,,,,,,OK S,90115.880,738839.162,+0 51 16.1,0.99993176,14,3780117.001,731020.872,+1 24 23.5,1.00025794,D,1934,1955,GOOD,OKGS,,DD = SURVEY DISK,9 = POST (STONE OR PRECAST CONCRETE),1 OC 6
,20260103,http://www.ngs.noaa.gov/cgi-bin/ds_mark.prl?PidBox=EL1033,EL1033,1 TF,,,,OK,GRADY,NINNEKAH (2018),34 59 09.07233(N),097 59 16.40693(W),34.9858534250,-97.9878908139,,NAD 83,(1993),,ADJUSTED,384.04,NAVD 88,,VERTCON3,-26.356,GEOID18,,,,,,,,,2,,,,,,OK S,183305.907,601105.572,+0 00 24.7,0.99990430,14,3871942.097,592374.190,+0 34 49.3,0.99970516,D,1948,1957,GOOD,CGS,,DB = BENCH MARK DISK,17 = SET INTO TOP OF METAL PIPE DRIVEN INTO GROUND,1 TF 1948
,20260103,http://www.ngs.noaa.gov/cgi-bin/ds_mark.prl?PidBox=FJ0315,FJ0315,10,,,,OK,PAYNE,PERKINS (2018),35 57 22.     (N),097 02 02.     (W),35.9561111111,-97.0338888889,,NAD 83,(1986),,SCALED,254.598,NAVD 88,,ADJUSTED,-28.058,GEOID18,254.367,979720.8,,,,,,,,2,0,,,,OK N,106520.,687150.,,,,,,,,D,1905,1964,MARK NOT FOUND,USGS,,P = PIPE CAP,17 = SET INTO TOP OF METAL PIPE DRIVEN INTO GROUND,10 836 ADJ 1903
,20260103,http://www.ngs.noaa.gov/cgi-bin/ds_mark.prl?PidBox=GH0230,GH0230,10 A 1 TT,,,,OK,KAY,BLACKWELL (2018),36 48 15.75   (N),097 17 15.73   (W),36.8043750000,-97.2877027778,,NAD 83,(1986),,HD_HELD1,311.180,NAVD 88,,ADJUSTED,-28.764,GEOID18,310.916,979772.4,,,,,,,,2,0,,,,OK N,200441.0,663564.7,,,,,,,,D,1934,20180710,GOOD,OKDOT,Y,DD = SURVEY DISK,9 = POST (STONE OR PRECAST CONCRETE),10 A 1 TT 1934
,20260103,http://www.ngs.noaa.gov/cgi-bin/ds_mark.prl?PidBox=GJ0305,GJ0305,10 C 27,,,,OK,ELLIS,GAGE (2018),36 18 02.77   (N),099 45 59.56   (W),36.3007694444,-99.7665444444,,NAD 83,(1986),,HD_HELD1,667.087,NAVD 88,,ADJUSTED,-28.305,GEOID18,666.417,979606.9,,,,,,,,1,2,,,,OK N,145768.1,441345.8,,,,,,,,D,1934,1948,POOR,CGS,,DD = SURVEY DISK,9 = POST (STONE OR PRECAST CONCRETE),10 C 27 TT 1934
,20260103,http://www.ngs.noaa.gov/cgi-bin/ds_mark.prl?PidBox=GJ0338,GJ0338,10 C 35,,,,OK,ELLIS,SHATTUCK (2018),36 16 23.42   (N),099 52 53.17   (W),36.2731722222,-99.8814361111,,NAD 83,(1986),,HD_HELD1,691.577,NAVD 88,,ADJUSTED,-28.269,GEOID18,690.878,979600.1,,,,,,,,2,0,,,,OK N,142900.4,430969.3,,,,,,,,D,1934,1939,GOOD,CGS,,DD = SURVEY DISK,9 = POST (STONE OR PRECAST CONCRETE),10 C 35 1934
,20260103,http://www.ngs.noaa.gov/cgi-bin/ds_mark.prl?PidBox=GJ0339,GJ0339,10 C 36,,,,OK,ELLIS,SHATTUCK (2018),36 15 39.56   (N),099 52 52.61   (W),36.2609888889,-99.8812805556,,NAD 83,(1986),,HD_HELD1,697.692,NAVD 88,,ADJUSTED,-28.275,GEOID18,696.986,979598.0,,,,,,,,2,0,,,,OK N,141548.6,430957.1,,,,,,,,D,1934,1934,GOOD,CGS,,DD = SURVEY DISK,9 = POST (STONE OR PRECAST CONCRETE),10 C 36 TT 1934
,20260103,http://www.ngs.noaa.gov/cgi-bin/ds_mark.prl?PidBox=GJ0132,GJ0132,10 D 28,,,,OK,MAJOR,TOGO (2018),36 28 21.13   (N),098 52 14.77   (W),36.4725361111,-98.8707694444,,NAD 83,(1986),,HD_HELD1,436.743,NAVD 88,,ADJUSTED,-28.094,GEOID18,436.343,979702.5,,,,,,,,2,0,,,,OK N,163734.1,521963.5,,,,,,,,D,1934,1935,GOOD,CGS,,DD = SURVEY DISK,9 = POST (STONE OR PRECAST CONCRETE),10 D 28 TT 1934
,20260103,http://www.ngs.noaa.gov/cgi-bin/ds_mark.prl?PidBox=GJ0126,GJ0126,10 D 37,,,,OK,MAJOR,GLASS MOUNTAINS NW (2018),36 24 52.06   (N),098 42 41.62   (W),36.4144611111,-98.7115611111,,NAD 83,(1986),,HD_HELD1,403.794,NAVD 88,,ADJUSTED,-27.922,GEOID18,403.425,979707.1,,,,,,,,2,0,,,,OK N,157173.8,536183.9,,,,,,,,D,1934,1935,GOOD,CGS,,DD = SURVEY DISK,9 = POST (STONE OR PRECAST CONCRETE),10 D 37 TT 1934
,20260103,http://www.ngs.noaa.gov/cgi-bin/ds_mark.prl?PidBox=GJ0124,GJ0124,10 D 38,,,,OK,MAJOR,GLASS MOUNTAINS NW (2018),36 23 48.04   (N),098 42 42.43   (W),36.3966777778,-98.7117861111,,NAD 83,(1986),,HD_HELD1,409.438,NAVD 88,,ADJUSTED,-27.896,GEOID18,409.064,979705.7,,,,,,,,2,0,,,,OK N,155200.8,536149.2,,,,,,,,D,1934,1935,GOOD,CGS,,DD = SURVEY DISK,9 = POST (STONE OR PRECAST CONCRETE),10 D 38 TT 1934
,20260103,http://www.ngs.noaa.gov/cgi-bin/ds_mark.prl?PidBox=GJ0121,GJ0121,10 D 40,,,,OK,MAJOR,GLASS MOUNTAINS SW (2018),36 22 04.32   (N),098 39 32.96   (W),36.3678666667,-98.6591555556,,NAD 83,(1986),,HD_HELD1,415.803,NAVD 88,,ADJUSTED,-27.810,GEOID18,415.425,979709.4,,,,,,,,2,0,,,,OK N,151970.6,540848.7,,,,,,,,D,1934,1935,GOOD,CGS,,DD = SURVEY DISK,9 = POST (STONE OR PRECAST CONCRETE),10 D 40 TT 1934
,20260103,http://www.ngs.noaa.gov/cgi-bin/ds_mark.prl?PidBox=GH1012,GH1012,10 L 22 TT,,,,OK,OSAGE,CHARLEY CREEK EAST (2018),36 42 50.02267(N),096 50 01.89267(W),36.7138951861,-96.8338590750,,NAD 83,(1997),,ADJUSTED,362.,NAVD 88,,SCALED,-28.817,GEOID18,,,,,,,,,2,,,,,,OK N,190792.727,704184.302,+0 41 17.5,0.99993849,14,4065321.514,693467.681,+1 17 43.3,1.00006115,D,1939,1963,GOOD,OKGS,,DD = SURVEY DISK,9 = POST (STONE OR PRECAST CONCRETE),10 L 22 TT 1939
,20260103,http://www.ngs.noaa.gov/cgi-bin/ds_mark.prl?PidBox=GG0338,GG0338,100,Y,,,OK,MAYES,CHOUTEAU (2019),36 14 56.03261(N),095 20 11.63417(W),36.2488979472,-95.3365650472,160.550,NAD 83,(2011),2010.00,ADJUSTED,189.72,NAVD 88,,GPS OBS,-29.168,GEOID18,,,0.63,0.92,0.28,0.23,0.47,-0.04747268,,,,-478966.711,-5127524.526,3750594.743,OK N,141852.375,839345.387,+1 34 18.5,0.99992122,15,4014087.484,290057.017,-1 22 55.6,1.00014310,C,UNK,20240102,GOOD,OKDOT,Y,X = CHISELED CROSS,32 = SET IN A RETAINING WALL OR CONCRETE LEDGE,
,20260103,http://www.ngs.noaa.gov/cgi-bin/ds_mark.prl?PidBox=FJ0141,FJ0141,1002,,,,OK,POTTAWATOMIE,AYDELOTTE (2018),35 23 06.     (N),096 54 58.     (W),35.3850000000,-96.9161111111,,NAD 83,(1986),,SCALED,305.865,NAVD 88,,ADJUSTED,-27.234,GEOID18,305.575,979679.2,,,,,,,,2,0,,,,OK S,228120.,698480.,,,,,,,,D,1905,1969,POOR,,,DB = BENCH MARK DISK,9 = POST (STONE OR PRECAST CONCRETE),1002 ADJ 1903
,20260103,http://www.ngs.noaa.gov/cgi-bin/ds_mark.prl?PidBox=FJ0137,FJ0137,101,,,,OK,POTTAWATOMIE,SHAWNEE (2018),35 20 32.     (N),096 55 07.     (W),35.3422222222,-96.9186111111,,NAD 83,(1986),,SCALED,316.921,NAVD 88,,ADJUSTED,-27.138,GEOID18,316.620,979675.2,,,,,,,,2,0,,,,OK S,223370.,698310.,,,,,,,,D,1905,1942,MARK NOT FOUND,,,P = PIPE CAP,17 = SET INTO TOP OF METAL PIPE DRIVEN INTO GROUND,1040 ADJ 1903
,20260103,http://www.ngs.noaa.gov/cgi-bin/ds_mark.prl?PidBox=GG0345,GG0345,101,,,,OK,MAYES,PRYOR (2019),36 20 55.     (N),095 18 12.     (W),36.3486111111,-95.3033333333,,NAD 83,(1986),,SCALED,188.97,NAVD 88,,VERTCON3,-29.177,GEOID18,,,,,,,,,,,,,,,OK N,153000.,842020.,,,,,,,,C,UNK,1960,GOOD,CGS,,X = CHISELED CROSS,32 = SET IN A RETAINING WALL OR CONCRETE LEDGE,
,20260103,http://www.ngs.noaa.gov/cgi-bin/ds_mark.prl?PidBox=FJ0092,FJ0092,1013.3,,,,OK,POTTAWATOMIE,SHAWNEE (2018),35 19 58.     (N),096 58 23.     (W),35.3327777778,-96.9730555556,,NAD 83,(1986),,SCALED,308.945,NAVD 88,,ADJUSTED,-27.052,GEOID18,308.650,979672.0,,,,,,,,2,0,,,,OK S,222270.,693370.,,,,,,,,C,UNK,1934,GOOD,CGS,,DD = SURVEY DISK,32 = SET IN A RETAINING WALL OR CONCRETE LEDGE,
,20260103,http://www.ngs.noaa.gov/cgi-bin/ds_mark.prl?PidBox=GG0352,GG0352,102,,,,OK,MAYES,ADAIR (2019),36 27 45.25506(N),095 15 40.55804(W),36.4625708500,-95.2612661222,176.159,NAD 83,(2011),2010.00,ADJUSTED,205.371,NAVD 88,,ADJUSTED,-29.229,GEOID18,205.198,979783.9,0.93,1.43,0.40,0.36,0.73,-0.00806320,,2,0,-470939.908,-5114165.517,3769699.664,OK N,165740.388,845441.513,+1 36 58.5,0.99993099,15,4037633.249,297378.709,-1 20 39.6,1.00010585,C,UNK,20240102,GOOD,OKDOT,Y,DB = BENCH MARK DISK,32 = SET IN A RETAINING WALL OR CONCRETE LEDGE,MKTRR
,20260103,http://www.ngs.noaa.gov/cgi-bin/ds_mark.prl?PidBox=GH0231,GH0231,1020,,,,OK,KAY,BLACKWELL (2018),36 48 15.88   (N),097 17 07.35   (W),36.8044111111,-97.2853750000,,NAD 83,(1986),,HD_HELD1,310.942,NAVD 88,,ADJUSTED,-28.768,GEOID18,310.678,979772.3,,,,,,,,2,0,,,,OK N,200446.6,663772.4,,,,,,,,D,1911,20140122,GOOD,GEOCAC,N,P = PIPE CAP,17 = SET INTO TOP OF METAL PIPE DRIVEN INTO GROUND,1020
,20260103,http://www.ngs.noaa.gov/cgi-bin/ds_mark.prl?PidBox=FJ0134,FJ0134,1041,,,,OK,POTTAWATOMIE,SHAWNEE (2018),35 19 24.     (N),096 55 14.     (W),35.3233333333,-96.9205555556,,NAD 83,(1986),,SCALED,317.549,NAVD 88,,ADJUSTED,-27.100,GEOID18,317.247,979673.5,,,,,,,,2,0,,,,OK S,221270.,698150.,,,,,,,,D,1905,20000228,MARK NOT FOUND,OKDOT,,P = PIPE CAP,17 = SET INTO TOP OF METAL PIPE DRIVEN INTO GROUND,1041
,20260103,http://www.ngs.noaa.gov/cgi-bin/ds_mark.prl?PidBox=GH0217,GH0217,1050.1,,,,OK,OSAGE,BACONRIND CREEK (2018),36 40 49.53   (N),096 37 05.25   (W),36.6804250000,-96.6181250000,,NAD 83,(1986),,HD_HELD1,311.747,NAVD 88,,ADJUSTED,-28.567,GEOID18,311.486,979784.0,,,,,,,,2,0,,,,OK N,187331.8,723509.9,,,,,,,,C,UNK,20220504,GOOD,OKDOT,Y,Q = CHISELED SQUARE,32 = SET IN A RETAINING WALL OR CONCRETE LEDGE,
,20260103,http://www.ngs.noaa.gov/cgi-bin/ds_mark.prl?PidBox=GH0227,GH0227,1053,,,,OK,KAY,BLACKWELL (2018),36 48 13.     (N),097 21 15.     (W),36.8036111111,-97.3541666667,,NAD 83,(1986),,SCALED,321.054,NAVD 88,,ADJUSTED,-28.659,GEOID18,320.782,979774.0,,,,,,,,2,0,,,,OK N,200320.,657630.,,,,,,,,D,1911,1934,GOOD,CGS,,P = PIPE CAP,17 = SET INTO TOP OF METAL PIPE DRIVEN INTO GROUND,1053
,20260103,http://www.ngs.noaa.gov/cgi-bin/ds_mark.prl?PidBox=FJ0095,FJ0095,1053.2,,,,OK,POTTAWATOMIE,SHAWNEE (2018),35 19 32.     (N),096 56 05.     (W),35.3255555556,-96.9347222222,,NAD 83,(1986),,SCALED,321.110,NAVD 88,,ADJUSTED,-27.085,GEOID18,320.804,979673.1,,,,,,,,2,0,,,,OK S,221500.,696860.,,,,,,,,C,UNK,20000228,GOOD,OKDOT,,DD = SURVEY DISK,32 = SET IN A RETAINING WALL OR CONCRETE LEDGE,MK AND TRY BM
,20260103,http://www.ngs.noaa.gov/cgi-bin/ds_mark.prl?PidBox=FJ0602,FJ0602,1065,,,,OK,LOGAN,NAVINA (2018),35 47 54.     (N),097 34 57.     (W),35.7983333333,-97.5825000000,,NAD 83,(1986),,SCALED,324.616,NAVD 88,,ADJUSTED,-27.442,GEOID18,324.317,979701.5,,,,,,,,2,0,,,,OK N,88660.,637740.,,,,,,,,D,1906,20210119,MARK NOT FOUND,OKDOT,,P = PIPE CAP,17 = SET INTO TOP OF METAL PIPE DRIVEN INTO GROUND,1065 ADJ 1903
,20260103,http://www.ngs.noaa.gov/cgi-bin/ds_mark.prl?PidBox=FJ0389,FJ0389,1068.5,,,,OK,POTTAWATOMIE,MCLOUD (2018),35 24 28.     (N),097 07 17.     (W),35.4077777778,-97.1213888889,,NAD 83,(1986),,SCALED,325.763,NAVD 88,,ADJUSTED,-27.055,GEOID18,325.454,979674.3,,,,,,,,2,0,,,,OK S,230460.,679810.,,,,,,,,C,UNK,1934,GOOD,CGS,,R = RIVET,32 = SET IN A RETAINING WALL OR CONCRETE LEDGE,
,20260103,http://www.ngs.noaa.gov/cgi-bin/ds_mark.prl?PidBox=GH0193,GH0193,1071,,,,OK,KAY,UNCAS (2018),36 47 34.     (N),096 57 24.     (W),36.7927777778,-96.9566666667,,NAD 83,(1986),,SCALED,326.586,NAVD 88,,ADJUSTED,-28.959,GEOID18,326.306,979764.5,,,,,,,,2,0,,,,OK N,199420.,693120.,,,,,,,,D,1911,1940,GOOD,CGS,,P = PIPE CAP,17 = SET INTO TOP OF METAL PIPE DRIVEN INTO GROUND,1071.061
,20260103,http://www.ngs.noaa.gov/cgi-bin/ds_mark.prl?PidBox=GH0283,GH0283,1073.8,,,,OK,KAY,KILDARE (2018),36 46 12.     (N),097 04 01.     (W),36.7700000000,-97.0669444444,,NAD 83,(1986),,SCALED,327.42,NAVD 88,,VERTCON3,-28.930,GEOID18,,,,,,,,,,,,,,,OK N,196790.,683300.,,,,,,,,C,UNK,1966,GOOD,CGS,,B = BOLT,7 = SET IN TOP OF CONCRETE MONUMENT,
,20260103,http://www.ngs.noaa.gov/cgi-bin/ds_mark.prl?PidBox=FJ0387,FJ0387,1076.8,,,,OK,OKLAHOMA,HARRAH (2018),35 24 10.     (N),097 08 37.     (W),35.4027777778,-97.1436111111,,NAD 83,(1986),,SCALED,328.301,NAVD 88,,ADJUSTED,-27.025,GEOID18,327.989,979672.7,,,,,,,,2,0,,,,OK N,45030.,677800.,,,,,,,,C,UNK,1934,GOOD,CGS,,R = RIVET,32 = SET IN A RETAINING WALL OR CONCRETE LEDGE,
,20260103,http://www.ngs.noaa.gov/cgi-bin/ds_mark.prl?PidBox=GH0469,GH0469,1080,,,,OK,GRANT,MEDFORD (2018),36 48 10.     (N),097 40 32.     (W),36.8027777778,-97.6755555556,,NAD 83,(1986),,SCALED,329.29,NAVD 88,,VERTCON3,-28.191,GEOID18,,,,,,,,,,,,,,,OK N,200080.,628950.,,,,,,,,D,1912,1934,GOOD,CGS,,P = PIPE CAP,17 = SET INTO TOP OF METAL PIPE DRIVEN INTO GROUND,1080
,20260103,http://www.ngs.noaa.gov/cgi-bin/ds_mark.prl?PidBox=GH0471,GH0471,1081,,,,OK,GRANT,DEER CREEK (2018),36 48 12.     (N),097 37 26.     (W),36.8033333333,-97.6238888889,,NAD 83,(1986),,SCALED,329.546,NAVD 88,,ADJUSTED,-28.248,GEOID18,329.270,979783.0,,,,,,,,2,0,,,,OK N,200160.,633560.,,,,,,,,D,1912,1934,GOOD,CGS,,P = PIPE CAP,17 = SET INTO TOP OF METAL PIPE DRIVEN INTO GROUND,1081
,20260103,http://www.ngs.noaa.gov/cgi-bin/ds_mark.prl?PidBox=GH0225,GH0225,1084,,,,OK,KAY,NARDIN (2018),36 48 13.     (N),097 24 31.     (W),36.8036111111,-97.4086111111,,NAD 83,(1986),,SCALED,330.509,NAVD 88,,ADJUSTED,-28.565,GEOID18,330.229,979775.2,,,,,,,,2,0,,,,OK N,200280.,652780.,,,,,,,,D,1911,19970402,GOOD,NGS,N,P = PIPE CAP,17 = SET INTO TOP OF METAL PIPE DRIVEN INTO GROUND,1084
,20260103,http://www.ngs.noaa.gov/cgi-bin/ds_mark.prl?PidBox=GH0475,GH0475,1085,,,,OK,GRANT,DEER CREEK (2018),36 48 12.17   (N),097 30 58.82   (W),36.8033805556,-97.5163388889,,NAD 83,(1986),,HD_HELD1,330.739,NAVD 88,,ADJUSTED,-28.393,GEOID18,330.460,979778.3,,,,,,,,2,0,,,,OK N,200205.0,643162.2,,,,,,,,D,1912,19970402,GOOD,NGS,Y,P = PIPE CAP,17 = SET INTO TOP OF METAL PIPE DRIVEN INTO GROUND,1085
,20260103,http://www.ngs.noaa.gov/cgi-bin/ds_mark.prl?PidBox=FJ0133,FJ0133,109,,,,OK,POTTAWATOMIE,SHAWNEE (2018),35 18 01.     (N),096 55 11.     (W),35.3002777778,-96.9197222222,,NAD 83,(1986),,SCALED,303.421,NAVD 88,,ADJUSTED,-27.057,GEOID18,303.132,979671.5,,,,,,,,2,0,,,,OK S,218710.,698250.,,,,,,,,C,1905,1934,GOOD,CGS,,DB = BENCH MARK DISK,7 = SET IN TOP OF CONCRETE MONUMENT,109 997 ADJ 1903
,20260103,http://www.ngs.noaa.gov/cgi-bin/ds_mark.prl?PidBox=FJ0419,FJ0419,1091,,,,OK,GRADY,CHICKASHA (2018),35 03 01.     (N),097 56 01.     (W),35.0502777778,-97.9336111111,,NAD 83,(1986),,SCALED,332.776,NAVD 88,,ADJUSTED,-26.468,GEOID18,332.448,979637.0,,,,,,,,1,2,,,,OK S,190460.,606060.,,,,,,,,C,1907,1986,MARK NOT FOUND,NGS,,DB = BENCH MARK DISK,35 = SET IN A MAT FOUNDATION OR CONCRETE SLAB OTHER THAN PAVEMENT,1091
,20260103,http://www.ngs.noaa.gov/cgi-bin/ds_mark.prl?PidBox=FJ0373,FJ0373,1092,,,,OK,MCCLAIN,PURCELL (2018),35 00 44.3    (N),097 21 33.3    (W),35.0123055556,-97.3592500000,,NAD 83,(1986),,HD_HELD2,333.600,NAVD 88,,ADJUSTED,-26.137,GEOID18,333.277,979653.9,,,,,,,,2,0,,,,OK S,186426.,658482.,,,,,,,,B,1897,20090419,GOOD,GEOCAC,N,DB = BENCH MARK DISK,36 = SET IN A MASSIVE STRUCTURE,1092
,20260103,http://www.ngs.noaa.gov/cgi-bin/ds_mark.prl?PidBox=FJ0183,FJ0183,11,,,,OK,LINCOLN,ARLINGTON (2018),35 30 10.     (N),096 37 49.     (W),35.5027777778,-96.6302777778,,NAD 83,(1986),,SCALED,305.276,NAVD 88,,POSTED,-27.920,GEOID18,304.99,979687.7,,,,,,,,,,,,,OK N,56660.,724270.,,,,,,,,C,1927,20220608,MARK NOT FOUND,OKDOT,,DD = SURVEY DISK,7 = SET IN TOP OF CONCRETE MONUMENT,JAS 11 1927 1001.163
,20260103,http://www.ngs.noaa.gov/cgi-bin/ds_mark.prl?PidBox=GH0315,GH0315,11 B 1,,,,OK,PAYNE,STILLWATER NORTH (2018),36 14 25.     (N),097 04 09.     (W),36.2402777778,-97.0691666667,,NAD 83,(1986),,SCALED,294.088,NAVD 88,,ADJUSTED,-28.353,GEOID18,293.827,979736.6,,,,,,,,2,0,,,,OK N,138010.,683670.,,,,,,,,D,1934,1964,POOR,USGS,,DD = SURVEY DISK,9 = POST (STONE OR PRECAST CONCRETE),11 B 1
,20260103,http://www.ngs.noaa.gov/cgi-bin/ds_mark.prl?PidBox=FJ0834,FJ0834,11 B 25 TT,,,,OK,PAYNE,PERKINS (2018),35 59 07.37561(N),097 06 30.09336(W),35.9853821139,-97.1083592667,,NAD 83,(1993),,ADJUSTED,272.03,NAVD 88,,VERTCON3,-28.045,GEOID18,,,,,,,,,2,,,,,,OK N,109699.884,680403.335,+0 31 34.3,0.99991214,14,3983981.537,670530.214,+1 06 42.3,0.99995834,D,1934,20191211,GOOD,MCA,,DD = SURVEY DISK,9 = POST (STONE OR PRECAST CONCRETE),11 B 25 TT 1934
,20260103,http://www.ngs.noaa.gov/cgi-bin/ds_mark.prl?PidBox=GH0322,GH0322,11 B 9,,,,OK,PAYNE,STILLWATER SOUTH (2018),36 07 18.5    (N),097 04 03.2    (W),36.1218055556,-97.0675555556,,NAD 83,(1986),,HD_HELD1,278.376,NAVD 88,,ADJUSTED,-28.209,GEOID18,278.126,979730.2,,,,,,,,2,0,,,,OK N,124870.5,683937.3,,,,,,,,D,1934,20221219,GOOD,USPSQD,N,DD = SURVEY DISK,9 = POST (STONE OR PRECAST CONCRETE),11 B 9 TT 1934
,20260103,http://www.ngs.noaa.gov/cgi-bin/ds_mark.prl?PidBox=GJ0749,GJ0749,11 C 11 TT,,,,OK,HARPER,LAVERNE (2018),36 39 53.75009(N),099 53 28.08107(W),36.6649305806,-99.8911336306,,NAD 83,(1997),,ADJUSTED,684.6,NAVD 88,,VERTCON3,-27.835,GEOID18,,,,,,,,,2,,,,,,OK N,186379.946,430944.847,-1 06 57.8,0.99987997,14,4058072.907,420362.946,-0 31 55.8,0.99967813,D,1934,1935,GOOD,CGS,,DD = SURVEY DISK,9 = POST (STONE OR PRECAST CONCRETE),11 C 11 TT
,20260103,http://www.ngs.noaa.gov/cgi-bin/ds_mark.prl?PidBox=GJ0390,GJ0390,11 C 21,,,,OK,HARPER,ROSSTON SE (2018),36 48 42.76   (N),099 51 24.51   (W),36.8118777778,-99.8568083333,,NAD 83,(1986),,HD_HELD1,662.135,NAVD 88,,ADJUSTED,-27.722,GEOID18,661.517,979675.7,,,,,,,,2,0,,,,OK N,202624.8,434324.8,,,,,,,,D,1934,1971,MARK NOT FOUND,NGS,,DD = SURVEY DISK,9 = POST (STONE OR PRECAST CONCRETE),11 C 21 TT 1934
,20260103,http://www.ngs.noaa.gov/cgi-bin/ds_mark.prl?PidBox=GJ0391,GJ0391,11 C 22,,,,OK,HARPER,ROSSTON SE (2018),36 48 43.87   (N),099 49 28.59   (W),36.8121861111,-99.8246083333,,NAD 83,(1986),,HD_HELD1,658.491,NAVD 88,,ADJUSTED,-27.754,GEOID18,657.876,979677.2,,,,,,,,2,0,,,,OK N,202604.5,437198.2,,,,,,,,D,1934,1971,MARK NOT FOUND,NGS,,DD = SURVEY DISK,9 = POST (STONE OR PRECAST CONCRETE),11 C 22 TT 1934
,20260103,http://www.ngs.noaa.gov/cgi-bin/ds_mark.prl?PidBox=GJ0393,GJ0393,11 C 23,,,,OK,HARPER,ROSSTON SE (2018),36 48 44.50   (N),099 47 28.95   (W),36.8123611111,-99.7913750000,,NAD 83,(1986),,HD_HELD1,632.562,NAVD 88,,ADJUSTED,-27.794,GEOID18,631.973,979679.1,,,,,,,,2,0,,,,OK N,202568.7,440163.4,,,,,,,,D,1934,1971,MARK NOT FOUND,NGS,,DD = SURVEY DISK,9 = POST (STONE OR PRECAST CONCRETE),11 C 23 TT 1934
,20260103,http://www.ngs.noaa.gov/cgi-bin/ds_mark.prl?PidBox=GJ0394,GJ0394,11 C 24,,,,OK,HARPER,ROSSTON SE (2018),36 48 43.     (N),099 46 05.     (W),36.8119444444,-99.7680555556,,NAD 83,(1986),,SCALED,622.266,NAVD 88,,ADJUSTED,-27.824,GEOID18,621.686,979680.4,,,,,,,,2,0,,,,OK N,202480.,442240.,,,,,,,,D,1934,1971,MARK NOT FOUND,NGS,,DD = SURVEY DISK,9 = POST (STONE OR PRECAST CONCRETE),11 C 24 TT 1934
,20260103,http://www.ngs.noaa.gov/cgi-bin/ds_mark.prl?PidBox=GJ0396,GJ0396,11 C 25,,,,OK,HARPER,BUFFALO (2018),36 48 43.76368(N),099 43 56.84430(W),36.8121565778,-99.7324567500,587.388,NAD 83,(2011),2010.00,ADJUSTED,615.246,NAVD 88,,ADJUSTED,-27.867,GEOID18,614.675,979682.7,0.84,1.59,0.38,0.30,0.81,-0.10889001,,2,0,-864337.931,-5039394.842,3801076.157,OK N,202450.632,445419.487,-1 01 20.7,0.99991645,14,4074284.846,434668.407,-0 26 20.0,0.99965258,D,1934,20070501,GOOD,OKDOT,Y,DD = SURVEY DISK,9 = POST (STONE OR PRECAST CONCRETE),11 C 25 TT 1934
,20260103,http://www.ngs.noaa.gov/cgi-bin/ds_mark.prl?PidBox=GJ0397,GJ0397,11 C 26,,,,OK,HARPER,BUFFALO (2018),36 48 53.15   (N),099 41 44.76   (W),36.8147638889,-99.6957666667,,NAD 83,(1986),,HD_HELD1,590.777,NAVD 88,,ADJUSTED,-27.913,GEOID18,590.229,979685.7,,,,,,,,2,0,,,,OK N,202682.1,448697.9,,,,,,,,D,1934,20070501,GOOD,OKDOT,Y,DD = SURVEY DISK,9 = POST (STONE OR PRECAST CONCRETE),11 C 26 TT 1934
,20260103,http://www.ngs.noaa.gov/cgi-bin/ds_mark.prl?PidBox=GJ0399,GJ0399,11 C 27,,,,OK,HARPER,BUFFALO (2018),36 49 21.17   (N),099 40 44.40   (W),36.8225472222,-99.6790000000,,NAD 83,(1986),,HD_HELD1,570.560,NAVD 88,,ADJUSTED,-27.931,GEOID18,570.032,979688.2,,,,,,,,2,0,,,,OK N,203519.8,450208.7,,,,,,,,D,1934,19980505,GOOD,OKDOT,,DD = SURVEY DISK,9 = POST (STONE OR PRECAST CONCRETE),11 C 27 TT 1934
,20260103,http://www.ngs.noaa.gov/cgi-bin/ds_mark.prl?PidBox=GJ0400,GJ0400,11 C 29,,,,OK,HARPER,BUFFALO (2018),36 49 36.96   (N),099 39 03.76   (W),36.8269333333,-99.6510444444,,NAD 83,(1986),,HD_HELD1,566.689,NAVD 88,,ADJUSTED,-27.963,GEOID18,566.166,979691.5,,,,,,,,2,0,,,,OK N,203963.7,452710.8,,,,,,,,D,1934,1970,MARK NOT FOUND,NGS,,DD = SURVEY DISK,9 = POST (STONE OR PRECAST CONCRETE),11 C 29 TT 1934
,20260103,http://www.ngs.noaa.gov/cgi-bin/ds_mark.prl?PidBox=GJ0402,GJ0402,11 C 30,,,,OK,HARPER,BUFFALO (2018),36 49 35.64   (N),099 37 48.25   (W),36.8265666667,-99.6300694444,,NAD 83,(1986),,HD_HELD1,553.298,NAVD 88,,ADJUSTED,-27.991,GEOID18,552.789,979694.7,,,,,,,,2,0,,,,OK N,203891.4,454581.1,,,,,,,,D,1934,1970,MARK NOT FOUND,NGS,,DD = SURVEY DISK,9 = POST (STONE OR PRECAST CONCRETE),11 C 30 TT 1934
,20260103,http://www.ngs.noaa.gov/cgi-bin/ds_mark.prl?PidBox=FJ0584,FJ0584,11 D,,,,OK,KINGFISHER,DOVER (2018),35 57 04.     (N),097 54 51.     (W),35.9511111111,-97.9141666667,,NAD 83,(1986),,SCALED,314.573,NAVD 88,,ADJUSTED,-27.298,GEOID18,314.289,979721.2,,,,,,,,1,2,,,,OK N,105530.,607740.,,,,,,,,D,1934,1985,MARK NOT FOUND,NGS,,X = CHISELED CROSS,30 = SET IN A LIGHT STRUCTURE,
,20260103,http://www.ngs.noaa.gov/cgi-bin/ds_mark.prl?PidBox=FK0532,FK0532,11 D 34 TT,,,,OK,KINGFISHER,LOYAL (2018),35 59 08.59117(N),098 03 33.25897(W),35.9857197694,-98.0592386028,,NAD 83,(1993),,ADJUSTED,338.,NAVD 88,,SCALED,-27.228,GEOID18,,,,,,,,,2,,,,,,OK N,109369.766,594658.132,-0 02 05.9,0.99990161,14,3982773.680,584805.062,+0 33 10.1,0.99968862,D,1938,1963,GOOD,OKCC,,DD = SURVEY DISK,9 = POST (STONE OR PRECAST CONCRETE),11 D 34 TT 1938
,20260103,http://www.ngs.noaa.gov/cgi-bin/ds_mark.prl?PidBox=FJ1309,FJ1309,11 H 3 TT,,,,OK,PAYNE,TRYON NORTH (2018),35 59 08.22539(N),096 59 22.16698(W),35.9856181639,-96.9894908278,,NAD 83,(1993),,ADJUSTED,305.,NAVD 88,,SCALED,-28.104,GEOID18,,,,,,,,,2,,,,,,OK N,109831.076,691121.610,+0 35 46.9,0.99990695,14,3984222.244,681246.921,+1 10 54.0,1.00000479,C,1939,20191211,MARK NOT FOUND,MCA,,DD = SURVEY DISK,32 = SET IN A RETAINING WALL OR CONCRETE LEDGE,11 H 3 TT 1939
,20260103,http://www.ngs.noaa.gov/cgi-bin/ds_mark.prl?PidBox=FJ0127,FJ0127,110,,,,OK,POTTAWATOMIE,SHAWNEE (2018),35 15 49.     (N),096 56 44.     (W),35.2636111111,-96.9455555556,,NAD 83,(1986),,SCALED,321.983,NAVD 88,,ADJUSTED,-26.946,GEOID18,321.675,979667.7,,,,,,,,2,0,,,,OK S,214620.,695950.,,,,,,,,D,1905,1934,GOOD,CGS,,DB = BENCH MARK DISK,9 = POST (STONE OR PRECAST CONCRETE),110-1058 ADJ 1903
,20260103,http://www.ngs.noaa.gov/cgi-bin/ds_mark.prl?PidBox=GH0473,GH0473,1108,,,,OK,GRANT,DEER CREEK (2018),36 48 12.32   (N),097 34 13.61   (W),36.8034222222,-97.5704472222,,NAD 83,(1986),,HD_HELD1,337.806,NAVD 88,,ADJUSTED,-28.315,GEOID18,337.522,979780.8,,,,,,,,2,0,,,,OK N,200186.9,638333.6,,,,,,,,D,1912,19970402,GOOD,NGS,Y,P = PIPE CAP,17 = SET INTO TOP OF METAL PIPE DRIVEN INTO GROUND,1108
,20260103,http://www.ngs.noaa.gov/cgi-bin/ds_mark.prl?PidBox=GH0002,GH0002,1108,,,,OK,OSAGE,PEARSONIA (2018),36 49 54.92   (N),096 29 25.92   (W),36.8319222222,-96.4905333333,,NAD 83,(1986),,HD_HELD1,336.980,NAVD 88,,ADJUSTED,-28.698,GEOID18,336.702,979795.0,,,,,,,,2,0,,,,OK N,204311.7,734651.6,,,,,,,,D,1908,20220408,GOOD,OKDOT,Y,P = PIPE CAP,17 = SET INTO TOP OF METAL PIPE DRIVEN INTO GROUND,1108
,20260103,http://www.ngs.noaa.gov/cgi-bin/ds_mark.prl?PidBox=FJ0123,FJ0123,111,,,,OK,POTTAWATOMIE,BROOKSVILLE (2018),35 13 42.     (N),096 58 01.     (W),35.2283333333,-96.9669444444,,NAD 83,(1986),,SCALED,300.608,NAVD 88,,ADJUSTED,-26.853,GEOID18,300.319,979665.0,,,,,,,,2,0,,,,OK S,210690.,694040.,,,,,,,,D,1905,1934,GOOD,CGS,,DB = BENCH MARK DISK,9 = POST (STONE OR PRECAST CONCRETE),111 987 ADJ 1903
,20260103,http://www.ngs.noaa.gov/cgi-bin/ds_mark.prl?PidBox=FJ0595,FJ0595,1112,,,,OK,KINGFISHER,CASHION (2018),35 47 28.     (N),097 44 44.     (W),35.7911111111,-97.7455555556,,NAD 83,(1986),,SCALED,338.857,NAVD 88,,ADJUSTED,-27.257,GEOID18,338.545,979704.0,,,,,,,,2,0,,,,OK N,87810.,623000.,,,,,,,,D,1905,20220830,MARK NOT FOUND,OKDOT,,P = PIPE CAP,17 = SET INTO TOP OF METAL PIPE DRIVEN INTO GROUND,4 ELEV 1112 ADJ 1903
,20260103,http://www.ngs.noaa.gov/cgi-bin/ds_mark.prl?PidBox=EM0035,EM0035,1116.876,,,,OK,COMANCHE,LAWTON (2018),34 36 17.     (N),098 23 46.     (W),34.6047222222,-98.3961111111,,NAD 83,(1986),,SCALED,340.638,NAVD 88,,ADJUSTED,-25.677,GEOID18,340.297,979625.1,,,,,,,,2,0,,,,OK S,141100.,563670.,,,,,,,,D,UNK,1963,MARK NOT FOUND,CGS,,DB = BENCH MARK DISK,17 = SET INTO TOP OF METAL PIPE DRIVEN INTO GROUND,
,20260103,http://www.ngs.noaa.gov/cgi-bin/ds_mark.prl?PidBox=FJ0119,FJ0119,112,,,,OK,POTTAWATOMIE,BROOKSVILLE (2018),35 11 15.     (N),096 57 39.     (W),35.1875000000,-96.9608333333,,NAD 83,(1986),,SCALED,283.375,NAVD 88,,ADJUSTED,-26.782,GEOID18,283.102,979663.8,,,,,,,,2,0,,,,OK S,206160.,694640.,,,,,,,,D,1905,1934,GOOD,CGS,,DB = BENCH MARK DISK,9 = POST (STONE OR PRECAST CONCRETE),112 931 ADJ 1903
,20260103,http://www.ngs.noaa.gov/cgi-bin/ds_mark.prl?PidBox=EL0526,EL0526,1127,,,,OK,STEPHENS,DUNCAN NORTH (2018),34 30 25.     (N),097 57 30.     (W),34.5069444444,-97.9583333333,,NAD 83,(1986),,SCALED,343.794,NAVD 88,,ADJUSTED,-25.772,GEOID18,343.439,979593.8,,,,,,,,1,2,,,,OK S,130180.,603830.,,,,,,,,D,UNK,1986,MARK NOT FOUND,NGS,,P = PIPE CAP,17 = SET INTO TOP OF METAL PIPE DRIVEN INTO GROUND,1127
,20260103,http://www.ngs.noaa.gov/cgi-bin/ds_mark.prl?PidBox=FJ0116,FJ0116,113,,,,OK,POTTAWATOMIE,BROOKSVILLE (2018),35 09 17.     (N),096 59 37.     (W),35.1547222222,-96.9936111111,,NAD 83,(1986),,SCALED,283.523,NAVD 88,,ADJUSTED,-26.676,GEOID18,283.249,979662.6,,,,,,,,2,0,,,,OK S,202500.,691700.,,,,,,,,C,1905,1934,GOOD,CGS,,DB = BENCH MARK DISK,7 = SET IN TOP OF CONCRETE MONUMENT,113 931 ADJ 1903
,20260103,http://www.ngs.noaa.gov/cgi-bin/ds_mark.prl?PidBox=FJ0384,FJ0384,1134.1,,,,OK,OKLAHOMA,HARRAH (2018),35 25 11.     (N),097 11 33.     (W),35.4197222222,-97.1925000000,,NAD 83,(1986),,SCALED,345.740,NAVD 88,,ADJUSTED,-27.021,GEOID18,345.410,979671.1,,,,,,,,2,0,,,,OK N,46880.,673340.,,,,,,,,C,UNK,1934,GOOD,CGS,,DD = SURVEY DISK,32 = SET IN A RETAINING WALL OR CONCRETE LEDGE,
,20260103,http://www.ngs.noaa.gov/cgi-bin/ds_mark.prl?PidBox=FJ0411,FJ0411,114,,,,OK,POTTAWATOMIE,MACOMB (2018),35 08 19.     (N),097 02 22.     (W),35.1386111111,-97.0394444444,,NAD 83,(1986),,SCALED,294.785,NAVD 88,,ADJUSTED,-26.595,GEOID18,294.500,979662.1,,,,,,,,2,0,,,,OK S,200670.,687540.,,,,,,,,C,1905,1934,GOOD,CGS,,DB = BENCH MARK DISK,7 = SET IN TOP OF CONCRETE MONUMENT,114 968 ADJ 1903
,20260103,http://www.ngs.noaa.gov/cgi-bin/ds_mark.prl?PidBox=FJ0407,FJ0407,115,,,,OK,POTTAWATOMIE,TRIBBEY (2018),35 06 00.     (N),097 03 38.     (W),35.1000000000,-97.0605555556,,NAD 83,(1986),,SCALED,316.385,NAVD 88,,ADJUSTED,-26.485,GEOID18,316.079,979658.1,,,,,,,,2,0,,,,OK S,196370.,685650.,,,,,,,,C,1905,20220228,MARK NOT FOUND,OKDOT,,DB = BENCH MARK DISK,7 = SET IN TOP OF CONCRETE MONUMENT,115 1038 ADJ 1903
,20260103,http://www.ngs.noaa.gov/cgi-bin/ds_mark.prl?PidBox=GH0246,GH0246,1154,,,,OK,KAY,NEWKIRK (2018),36 52 52.80   (N),097 03 13.89   (W),36.8813333333,-97.0538583333,,NAD 83,(1986),,HD_HELD1,351.919,NAVD 88,,ADJUSTED,-29.011,GEOID18,351.618,979766.8,,,,,,,,2,0,,,,OK N,209159.4,684348.9,,,,,,,,D,1911,1953,GOOD,CGS,,P = PIPE CAP,17 = SET INTO TOP OF METAL PIPE DRIVEN INTO GROUND,1154.141
,20260103,http://www.ngs.noaa.gov/cgi-bin/ds_mark.prl?PidBox=FJ0589,FJ0589,1155,,,,OK,KINGFISHER,KINGFISHER (2018),35 49 54.     (N),097 53 16.     (W),35.8316666667,-97.8877777778,,NAD 83,(1986),,SCALED,352.102,NAVD 88,,ADJUSTED,-27.178,GEOID18,351.780,979708.4,,,,,,,,2,0,,,,OK N,92280.,610140.,,,,,,,,D,1905,1934,GOOD,CGS,,P = PIPE CAP,17 = SET INTO TOP OF METAL PIPE DRIVEN INTO GROUND,1 ELEV 1155 1903
,20260103,http://www.ngs.noaa.gov/cgi-bin/ds_mark.prl?PidBox=FJ0205,FJ0205,116,,,,OK,LINCOLN,SPARKS (2018),35 31 44.     (N),096 51 24.     (W),35.5288888889,-96.8566666667,,NAD 83,(1986),,SCALED,257.435,NAVD 88,,ADJUSTED,-27.647,GEOID18,257.193,979686.7,,,,,,,,2,0,,,,OK N,59290.,703700.,,,,,,,,D,UNK,1934,GOOD,CGS,,Z = SEE DESCRIPTION,30 = SET IN A LIGHT STRUCTURE,
,20260103,http://www.ngs.noaa.gov/cgi-bin/ds_mark.prl?PidBox=FJ0404,FJ0404,116,,,,OK,POTTAWATOMIE,TRIBBEY (2018),35 03 26.     (N),097 03 37.     (W),35.0572222222,-97.0602777778,,NAD 83,(1986),,SCALED,297.756,NAVD 88,,ADJUSTED,-26.388,GEOID18,297.467,979655.6,,,,,,,,2,0,,,,OK S,191620.,685720.,,,,,,,,C,1905,20220222,MARK NOT FOUND,OKDOT,,DB = BENCH MARK DISK,7 = SET IN TOP OF CONCRETE MONUMENT,116 977 ADJ 1903
,20260103,http://www.ngs.noaa.gov/cgi-bin/ds_mark.prl?PidBox=FJ0591,FJ0591,1162,,,,OK,KINGFISHER,KINGFISHER SE (2018),35 48 46.     (N),097 51 13.     (W),35.8127777778,-97.8536111111,,NAD 83,(1986),,SCALED,354.287,NAVD 88,,ADJUSTED,-27.181,GEOID18,353.962,979706.0,,,,,,,,2,0,,,,OK N,90190.,613230.,,,,,,,,D,1905,20220830,MARK NOT FOUND,OKDOT,,P = PIPE CAP,17 = SET INTO TOP OF METAL PIPE DRIVEN INTO GROUND,2 ELEV 1162 ADJ 1903
,20260103,http://www.ngs.noaa.gov/cgi-bin/ds_mark.prl?PidBox=FJ0204,FJ0204,117,,,,OK,LINCOLN,SPARKS (2018),35 31 20.     (N),096 52 17.     (W),35.5222222222,-96.8713888889,,NAD 83,(1986),,SCALED,258.824,NAVD 88,,ADJUSTED,-27.612,GEOID18,258.580,979686.2,,,,,,,,2,0,,,,OK N,58540.,702370.,,,,,,,,D,UNK,1934,GOOD,CGS,,Z = SEE DESCRIPTION,30 = SET IN A LIGHT STRUCTURE,
,20260103,http://www.ngs.noaa.gov/cgi-bin/ds_mark.prl?PidBox=FJ0400,FJ0400,117,,,,OK,POTTAWATOMIE,TRIBBEY (2018),35 01 45.     (N),097 02 09.     (W),35.0291666667,-97.0358333333,,NAD 83,(1986),,SCALED,303.850,NAVD 88,,ADJUSTED,-26.342,GEOID18,303.556,979655.6,,,,,,,,2,0,,,,OK S,188530.,687980.,,,,,,,,D,1905,1934,GOOD,CGS,,DB = BENCH MARK DISK,17 = SET INTO TOP OF METAL PIPE DRIVEN INTO GROUND,117 997 ADJ 1903
,20260103,http://www.ngs.noaa.gov/cgi-bin/ds_mark.prl?PidBox=FJ0334,FJ0334,1170 20,,,,OK,CLEVELAND,NORMAN (2018),35 13 15.     (N),097 26 20.     (W),35.2208333333,-97.4388888889,,NAD 83,(1986),,SCALED,357.388,NAVD 88,,ADJUSTED,-26.543,GEOID18,357.041,979653.5,,,,,,,,2,0,,,,OK S,209520.,651080.,,,,,,,,B,1907,19940120,MARK NOT FOUND,NGS,,DB = BENCH MARK DISK,36 = SET IN A MASSIVE STRUCTURE,1170 NO 20 1907
,20260103,http://www.ngs.noaa.gov/cgi-bin/ds_mark.prl?PidBox=EL0368,EL0368,118,,,,OK,POTTAWATOMIE,WANETTE (2018),34 59 09.     (N),097 02 11.     (W),34.9858333333,-97.0363888889,,NAD 83,(1986),,SCALED,308.734,NAVD 88,,ADJUSTED,-26.233,GEOID18,308.435,979655.5,,,,,,,,2,0,,,,OK S,183720.,687980.,,,,,,,,D,1905,1934,GOOD,CGS,,DB = BENCH MARK DISK,17 = SET INTO TOP OF METAL PIPE DRIVEN INTO GROUND,118 1013 ADJ 1903
,20260103,http://www.ngs.noaa.gov/cgi-bin/ds_mark.prl?PidBox=FJ0202,FJ0202,118,,,,OK,LINCOLN,MEEKER (2018),35 31 09.     (N),096 53 19.     (W),35.5191666667,-96.8886111111,,NAD 83,(1986),,SCALED,260.844,NAVD 88,,ADJUSTED,-27.582,GEOID18,260.599,979686.1,,,,,,,,2,0,,,,OK N,58180.,700810.,,,,,,,,D,UNK,1934,GOOD,CGS,,Z = SEE DESCRIPTION,30 = SET IN A LIGHT STRUCTURE,
,20260103,http://www.ngs.noaa.gov/cgi-bin/ds_mark.prl?PidBox=EL0005,EL0005,12,,,,OK,COAL,CENTRAHOMA (2018),34 33 22.     (N),096 20 58.     (W),34.5561111111,-96.3494444444,,NAD 83,(1986),,SCALED,202.48,NAVD 88,,VERTCON3,-27.271,GEOID18,,,,,,,,,,,,,,,OK S,136870.,751470.,,,,,,,,C,UNK,1934,GOOD,CGS,,B = BOLT,7 = SET IN TOP OF CONCRETE MONUMENT,
,20260103,http://www.ngs.noaa.gov/cgi-bin/ds_mark.prl?PidBox=FJ0151,FJ0151,121,,,,OK,LINCOLN,AYDELOTTE (2018),35 29 05.     (N),096 55 05.     (W),35.4847222222,-96.9180555556,,NAD 83,(1986),,SCALED,272.215,NAVD 88,,ADJUSTED,-27.462,GEOID18,271.959,979687.7,,,,,,,,2,0,,,,OK N,54330.,698180.,,,,,,,,D,UNK,1934,GOOD,CGS,,Z = SEE DESCRIPTION,30 = SET IN A LIGHT STRUCTURE,
,20260103,http://www.ngs.noaa.gov/cgi-bin/ds_mark.prl?PidBox=GH0212,GH0212,1218,,,,OK,OSAGE,FORAKER SOUTH (2018),36 52 10.     (N),096 30 41.     (W),36.8694444444,-96.5113888889,,NAD 83,(1986),,SCALED,371.924,NAVD 88,,ADJUSTED,-28.795,GEOID18,371.614,979785.3,,,,,,,,2,0,,,,OK N,208450.,732730.,,,,,,,,D,1908,1972,MARK NOT FOUND,USGS,,P = PIPE CAP,17 = SET INTO TOP OF METAL PIPE DRIVEN INTO GROUND,1218
,20260103,http://www.ngs.noaa.gov/cgi-bin/ds_mark.prl?PidBox=FJ0148,FJ0148,123,,,,OK,POTTAWATOMIE,AYDELOTTE (2018),35 27 20.     (N),096 55 14.     (W),35.4555555556,-96.9205555556,,NAD 83,(1986),,SCALED,290.46,NAVD 88,,VERTCON3,-27.388,GEOID18,,,,,,,,,,,,,,,OK S,235940.,697990.,,,,,,,,D,UNK,1934,GOOD,CGS,,Z = SEE DESCRIPTION,30 = SET IN A LIGHT STRUCTURE,
,20260103,http://www.ngs.noaa.gov/cgi-bin/ds_mark.prl?PidBox=FJ0146,FJ0146,124,,,,OK,POTTAWATOMIE,AYDELOTTE (2018),35 26 36.     (N),096 54 46.     (W),35.4433333333,-96.9127777778,,NAD 83,(1986),,SCALED,298.463,NAVD 88,,ADJUSTED,-27.368,GEOID18,298.182,979684.4,,,,,,,,2,0,,,,OK S,234590.,698720.,,,,,,,,D,UNK,1934,GOOD,CGS,,Z = SEE DESCRIPTION,30 = SET IN A LIGHT STRUCTURE,
,20260103,http://www.ngs.noaa.gov/cgi-bin/ds_mark.prl?PidBox=GH0415,GH0415,1244,,,,OK,GARFIELD,ENID WEST (2018),36 23 51.     (N),097 52 40.     (W),36.3975000000,-97.8777777778,,NAD 83,(1986),,SCALED,379.763,NAVD 88,,ADJUSTED,-27.750,GEOID18,379.429,979741.3,,,,,,,,1,2,,,,OK N,155070.,610960.,,,,,,,,D,UNK,1985,MARK NOT FOUND,NGS,,Z = SEE DESCRIPTION,30 = SET IN A LIGHT STRUCTURE,
,20260103,http://www.ngs.noaa.gov/cgi-bin/ds_mark.prl?PidBox=FJ0144,FJ0144,126,,,,OK,POTTAWATOMIE,AYDELOTTE (2018),35 24 52.     (N),096 54 55.     (W),35.4144444444,-96.9152777778,,NAD 83,(1986),,SCALED,302.554,NAVD 88,,ADJUSTED,-27.300,GEOID18,302.268,979681.8,,,,,,,,2,0,,,,OK S,231390.,698520.,,,,,,,,D,UNK,1934,GOOD,CGS,,Z = SEE DESCRIPTION,30 = SET IN A LIGHT STRUCTURE,
,20260103,http://www.ngs.noaa.gov/cgi-bin/ds_mark.prl?PidBox=FJ0456,FJ0456,1266.5 UNION,,,,OK,CANADIAN,MINCO (2018),35 22 13.     (N),097 55 44.     (W),35.3702777778,-97.9288888889,,NAD 83,(1986),,SCALED,386.576,NAVD 88,,POSTED,-27.008,GEOID18,386.19,979629.5,,,,,,,,,,,,,OK N,41090.,606460.,,,,,,,,D,UNK,1986,MARK NOT FOUND,NGS,,P = PIPE CAP,17 = SET INTO TOP OF METAL PIPE DRIVEN INTO GROUND,1266.5
,20260103,http://www.ngs.noaa.gov/cgi-bin/ds_mark.prl?PidBox=FJ0142,FJ0142,127,,,,OK,POTTAWATOMIE,AYDELOTTE (2018),35 23 57.     (N),096 55 00.     (W),35.3991666667,-96.9166666667,,NAD 83,(1986),,SCALED,297.789,NAVD 88,,ADJUSTED,-27.265,GEOID18,297.507,979680.4,,,,,,,,2,0,,,,OK S,229690.,698420.,,,,,,,,D,UNK,1934,GOOD,CGS,,Z = SEE DESCRIPTION,30 = SET IN A LIGHT STRUCTURE,
,20260103,http://www.ngs.noaa.gov/cgi-bin/ds_mark.prl?PidBox=GH0209,GH0209,1274,,,,OK,OSAGE,FORAKER SOUTH (2018),36 52 19.     (N),096 34 01.     (W),36.8719444444,-96.5669444444,,NAD 83,(1986),,SCALED,388.872,NAVD 88,,ADJUSTED,-28.825,GEOID18,388.546,979780.7,,,,,,,,2,0,,,,OK N,208650.,727770.,,,,,,,,B,1908,1934,GOOD,CGS,,DB = BENCH MARK DISK,36 = SET IN A MASSIVE STRUCTURE,1274
,20260103,http://www.ngs.noaa.gov/cgi-bin/ds_mark.prl?PidBox=FJ0448,FJ0448,1284,,,,OK,GRADY,MINCO (2018),35 17 26.     (N),097 56 40.     (W),35.2905555556,-97.9444444444,,NAD 83,(1986),,SCALED,391.782,NAVD 88,,POSTED,-26.926,GEOID18,391.39,979623.3,,,,,,,,,,,,,OK S,217110.,605050.,,,,,,,,D,1907,1953,GOOD,CGS,,P = PIPE CAP,17 = SET INTO TOP OF METAL PIPE DRIVEN INTO GROUND,1284 S 1-4 C
,20260103,http://www.ngs.noaa.gov/cgi-bin/ds_mark.prl?PidBox=FJ0140,FJ0140,129,,,,OK,POTTAWATOMIE,SHAWNEE (2018),35 22 13.     (N),096 54 55.     (W),35.3702777778,-96.9152777778,,NAD 83,(1986),,SCALED,312.700,NAVD 88,,ADJUSTED,-27.201,GEOID18,312.404,979677.9,,,,,,,,2,0,,,,OK S,226490.,698580.,,,,,,,,D,UNK,1934,GOOD,CGS,,Z = SEE DESCRIPTION,30 = SET IN A LIGHT STRUCTURE,
,20260103,http://www.ngs.noaa.gov/cgi-bin/ds_mark.prl?PidBox=FJ0974,FJ0974,13 EV,,,,OK,CLEVELAND,FRANKLIN (2018),35 15 41.82649(N),097 22 18.60346(W),35.2616184694,-97.3718342944,,NAD 83,(1993),,ADJUSTED,354.68,NAVD 88,,VERTCON3,-26.639,GEOID18,,,,,,,,,2,,,,,,OK S,214077.281,657160.940,+0 21 23.6,0.99995422,14,3903271.236,648105.086,+0 56 24.5,0.99987033,D,1954,20100413,GOOD,COOPWD,Y,DB = BENCH MARK DISK,9 = POST (STONE OR PRECAST CONCRETE),13 EV 1954
,20260103,http://www.ngs.noaa.gov/cgi-bin/ds_mark.prl?PidBox=FJ0138,FJ0138,130,,,,OK,POTTAWATOMIE,SHAWNEE (2018),35 21 22.     (N),096 54 59.     (W),35.3561111111,-96.9163888889,,NAD 83,(1986),,SCALED,322.439,NAVD 88,,ADJUSTED,-27.168,GEOID18,322.133,979676.6,,,,,,,,2,0,,,,OK S,224910.,698490.,,,,,,,,D,UNK,1934,GOOD,CGS,,Z = SEE DESCRIPTION,30 = SET IN A LIGHT STRUCTURE,
,20260103,http://www.ngs.noaa.gov/cgi-bin/ds_mark.prl?PidBox=FJ0613,FJ0613,1306,,,,OK,CANADIAN,EL RENO (2018),35 31 24.     (N),097 54 19.     (W),35.5233333333,-97.9052777778,,NAD 83,(1986),,SCALED,398.793,NAVD 88,,POSTED,-27.044,GEOID18,398.40,979649.1,,,,,,,,,,,,,OK N,58070.,608590.,,,,,,,,D,1905,1984,MARK NOT FOUND,NGS,,P = PIPE CAP,17 = SET INTO TOP OF METAL PIPE DRIVEN INTO GROUND,1306 OKLA
,20260103,http://www.ngs.noaa.gov/cgi-bin/ds_mark.prl?PidBox=FJ0131,FJ0131,135,,,,OK,POTTAWATOMIE,SHAWNEE (2018),35 17 12.     (N),096 55 32.     (W),35.2866666667,-96.9255555556,,NAD 83,(1986),,SCALED,307.812,NAVD 88,,ADJUSTED,-27.021,GEOID18,307.518,979670.1,,,,,,,,2,0,,,,OK S,217200.,697740.,,,,,,,,D,UNK,1934,GOOD,CGS,,Z = SEE DESCRIPTION,30 = SET IN A LIGHT STRUCTURE,
,20260103,http://www.ngs.noaa.gov/cgi-bin/ds_mark.prl?PidBox=FJ0532,FJ0532,1357 RESET,,,,OK,CANADIAN,EL RENO (2018),35 31 59.     (N),097 57 13.     (W),35.5330555556,-97.9536111111,,NAD 83,(1986),,SCALED,414.215,NAVD 88,,ADJUSTED,-27.058,GEOID18,413.811,979646.9,,,,,,,,1,2,,,,OK N,59150.,604210.,,,,,,,,B,1947,20040715,MARK NOT FOUND,USPSQD,,DD = SURVEY DISK,36 = SET IN A MASSIVE STRUCTURE,RESET 1947
,20260103,http://www.ngs.noaa.gov/cgi-bin/ds_mark.prl?PidBox=FJ0129,FJ0129,136,,,,OK,POTTAWATOMIE,SHAWNEE (2018),35 16 26.     (N),096 56 00.     (W),35.2738888889,-96.9333333333,,NAD 83,(1986),,SCALED,315.150,NAVD 88,,ADJUSTED,-26.984,GEOID18,314.849,979668.8,,,,,,,,2,0,,,,OK S,215770.,697050.,,,,,,,,D,UNK,1934,GOOD,CGS,,Z = SEE DESCRIPTION,30 = SET IN A LIGHT STRUCTURE,
,20260103,http://www.ngs.noaa.gov/cgi-bin/ds_mark.prl?PidBox=FJ0126,FJ0126,138,,,,OK,POTTAWATOMIE,SHAWNEE (2018),35 15 12.     (N),096 57 29.     (W),35.2533333333,-96.9580555556,,NAD 83,(1986),,SCALED,320.006,NAVD 88,,ADJUSTED,-26.909,GEOID18,319.699,979666.7,,,,,,,,2,0,,,,OK S,213470.,694820.,,,,,,,,D,UNK,1934,GOOD,CGS,,Z = SEE DESCRIPTION,30 = SET IN A LIGHT STRUCTURE,
,20260103,http://www.ngs.noaa.gov/cgi-bin/ds_mark.prl?PidBox=FJ0124,FJ0124,139,,,,OK,POTTAWATOMIE,BROOKSVILLE (2018),35 14 34.     (N),096 58 08.     (W),35.2427777778,-96.9688888889,,NAD 83,(1986),,SCALED,310.900,NAVD 88,,ADJUSTED,-26.877,GEOID18,310.602,979665.8,,,,,,,,2,0,,,,OK S,212290.,693850.,,,,,,,,D,UNK,1934,GOOD,CGS,,Z = SEE DESCRIPTION,30 = SET IN A LIGHT STRUCTURE,
,20260103,http://www.ngs.noaa.gov/cgi-bin/ds_mark.prl?PidBox=FK0049,FK0049,14 C 10,,,,OK,BLAINE,WATONGA (2018),35 46 18.32   (N),098 24 16.98   (W),35.7717555556,-98.4047166667,,NAD 83,(1986),,HD_HELD1,451.138,NAVD 88,,ADJUSTED,-26.986,GEOID18,450.706,979663.6,,,,,,,,2,0,,,,OK N,85704.6,563405.6,,,,,,,,D,1934,19951229,GOOD,OKDOT,,DD = SURVEY DISK,9 = POST (STONE OR PRECAST CONCRETE),14 C 10 TT 1934
,20260103,http://www.ngs.noaa.gov/cgi-bin/ds_mark.prl?PidBox=FK0050,FK0050,14 C 11,,,,OK,BLAINE,WATONGA (2018),35 47 51.65   (N),098 25 18.80   (W),35.7976805556,-98.4218888889,,NAD 83,(1986),,HD_HELD1,451.897,NAVD 88,,ADJUSTED,-27.008,GEOID18,451.466,979665.5,,,,,,,,2,0,,,,OK N,88587.6,561865.4,,,,,,,,D,1934,1935,GOOD,CGS,,DD = SURVEY DISK,9 = POST (STONE OR PRECAST CONCRETE),14 C 11 TT 1934
,20260103,http://www.ngs.noaa.gov/cgi-bin/ds_mark.prl?PidBox=FK0043,FK0043,14 C 3,,,,OK,BLAINE,GEARY NORTH (2018),35 40 31.94   (N),098 20 29.04   (W),35.6755388889,-98.3414000000,,NAD 83,(1986),,HD_HELD1,445.973,NAVD 88,,ADJUSTED,-26.967,GEOID18,445.541,979652.8,,,,,,,,1,2,,,,OK N,75007.3,569093.1,,,,,,,,D,1934,1976,MARK NOT FOUND,USGS,,DD = SURVEY DISK,9 = POST (STONE OR PRECAST CONCRETE),NO 14 C 3 TT 1934
,20260103,http://www.ngs.noaa.gov/cgi-bin/ds_mark.prl?PidBox=FK0044,FK0044,14 C 4,,,,OK,BLAINE,GEARY NORTH (2018),35 41 48.98   (N),098 21 20.04   (W),35.6969388889,-98.3555666667,,NAD 83,(1986),,HD_HELD1,447.592,NAVD 88,,ADJUSTED,-26.963,GEOID18,447.161,979656.5,,,,,,,,2,0,,,,OK N,77386.3,567819.3,,,,,,,,D,1934,1976,MARK NOT FOUND,USGS,,DD = SURVEY DISK,9 = POST (STONE OR PRECAST CONCRETE),14 C 4 TT 1934
,20260103,http://www.ngs.noaa.gov/cgi-bin/ds_mark.prl?PidBox=FK0045,FK0045,14 C 6,,,,OK,BLAINE,GEARY NORTH (2018),35 43 06.06   (N),098 22 12.44   (W),35.7183500000,-98.3701222222,,NAD 83,(1986),,HD_HELD1,448.997,NAVD 88,,ADJUSTED,-26.964,GEOID18,448.566,979659.6,,,,,,,,2,0,,,,OK N,79766.8,566511.0,,,,,,,,D,1934,1976,MARK NOT FOUND,USGS,,DD = SURVEY DISK,9 = POST (STONE OR PRECAST CONCRETE),14 C 6 TT 1934
,20260103,http://www.ngs.noaa.gov/cgi-bin/ds_mark.prl?PidBox=FK0046,FK0046,14 C 7,,,,OK,BLAINE,GREENFIELD (2018),35 43 50.41   (N),098 22 38.69   (W),35.7306694444,-98.3774138889,,NAD 83,(1986),,HD_HELD1,443.865,NAVD 88,,ADJUSTED,-26.967,GEOID18,443.440,979661.0,,,,,,,,2,0,,,,OK N,81136.2,565856.6,,,,,,,,D,1934,1935,GOOD,CGS,,DD = SURVEY DISK,9 = POST (STONE OR PRECAST CONCRETE),14 C 7 TT 1934
,20260103,http://www.ngs.noaa.gov/cgi-bin/ds_mark.prl?PidBox=FK0047,FK0047,14 C 8,,,,OK,BLAINE,GREENFIELD (2018),35 44 28.46   (N),098 23 04.26   (W),35.7412388889,-98.3845166667,,NAD 83,(1986),,HD_HELD1,447.214,NAVD 88,,ADJUSTED,-26.970,GEOID18,446.786,979661.9,,,,,,,,2,0,,,,OK N,82311.4,565218.7,,,,,,,,D,1935,1935,MONUMENTED,OKGS,,DD = SURVEY DISK,9 = POST (STONE OR PRECAST CONCRETE),14 C 8 TT 1935
,20260103,http://www.ngs.noaa.gov/cgi-bin/ds_mark.prl?PidBox=FK0048,FK0048,14 C 9,,,,OK,BLAINE,WATONGA (2018),35 45 28.21   (N),098 23 43.83   (W),35.7578361111,-98.3955083333,,NAD 83,(1986),,HD_HELD1,446.573,NAVD 88,,ADJUSTED,-26.977,GEOID18,446.146,979662.8,,,,,,,,2,0,,,,OK N,84156.8,564231.9,,,,,,,,D,1934,1935,GOOD,CGS,,DD = SURVEY DISK,9 = POST (STONE OR PRECAST CONCRETE),14 C 9 TT 1934
,20260103,http://www.ngs.noaa.gov/cgi-bin/ds_mark.prl?PidBox=GJ0773,GJ0773,14 HEH,,,,OK,WOODWARD,BELVA (2018),36 26 05.18387(N),098 59 48.81168(W),36.4347732972,-98.9968921333,482.112,NAD 83,(2011),2010.00,ADJUSTED,510.2,NAVD 88,,GPS OBS,-28.088,GEOID18,,,1.63,2.96,0.74,0.57,1.51,0.03367059,,,,-803466.539,-5074669.604,3767400.067,OK N,159652.732,510617.966,-0 35 17.9,0.99988061,14,4032172.926,500278.559,+0 00 06.6,0.99960000,C,1968,20071206,GOOD,OKDOT,Y,DD = SURVEY DISK,7 = SET IN TOP OF CONCRETE MONUMENT,14 HEH 1968 1672
,20260103,http://www.ngs.noaa.gov/cgi-bin/ds_mark.prl?PidBox=FJ0122,FJ0122,141,,,,OK,POTTAWATOMIE,BROOKSVILLE (2018),35 12 54.     (N),096 58 16.     (W),35.2150000000,-96.9711111111,,NAD 83,(1986),,SCALED,292.643,NAVD 88,,ADJUSTED,-26.822,GEOID18,292.362,979664.4,,,,,,,,2,0,,,,OK S,209210.,693680.,,,,,,,,D,UNK,1934,GOOD,CGS,,Z = SEE DESCRIPTION,30 = SET IN A LIGHT STRUCTURE,
,20260103,http://www.ngs.noaa.gov/cgi-bin/ds_mark.prl?PidBox=FJ0121,FJ0121,142,,,,OK,POTTAWATOMIE,BROOKSVILLE (2018),35 12 02.     (N),096 58 06.     (W),35.2005555556,-96.9683333333,,NAD 83,(1986),,SCALED,284.664,NAVD 88,,ADJUSTED,-26.798,GEOID18,284.390,979663.9,,,,,,,,2,0,,,,OK S,207610.,693950.,,,,,,,,D,UNK,1934,GOOD,CGS,,Z = SEE DESCRIPTION,30 = SET IN A LIGHT STRUCTURE,
,20260103,http://www.ngs.noaa.gov/cgi-bin/ds_mark.prl?PidBox=FJ0118,FJ0118,144,,,,OK,POTTAWATOMIE,BROOKSVILLE (2018),35 10 29.     (N),096 58 04.     (W),35.1747222222,-96.9677777778,,NAD 83,(1986),,SCALED,283.586,NAVD 88,,ADJUSTED,-26.747,GEOID18,283.313,979663.6,,,,,,,,2,0,,,,OK S,204740.,694030.,,,,,,,,D,UNK,1934,GOOD,CGS,,Z = SEE DESCRIPTION,30 = SET IN A LIGHT STRUCTURE,
,20260103,http://www.ngs.noaa.gov/cgi-bin/ds_mark.prl?PidBox=FJ0117,FJ0117,145,,,,OK,POTTAWATOMIE,BROOKSVILLE (2018),35 09 53.     (N),096 58 50.     (W),35.1647222222,-96.9805555556,,NAD 83,(1986),,SCALED,284.012,NAVD 88,,ADJUSTED,-26.711,GEOID18,283.738,979663.2,,,,,,,,2,0,,,,OK S,203620.,692870.,,,,,,,,D,UNK,1934,GOOD,CGS,,Z = SEE DESCRIPTION,30 = SET IN A LIGHT STRUCTURE,
,20260103,http://www.ngs.noaa.gov/cgi-bin/ds_mark.prl?PidBox=FJ0414,FJ0414,147,,,,OK,POTTAWATOMIE,MACOMB (2018),35 09 01.     (N),097 00 35.     (W),35.1502777778,-97.0097222222,,NAD 83,(1986),,SCALED,289.34,NAVD 88,,VERTCON3,-26.649,GEOID18,,,,,,,,,,,,,,,OK S,201990.,690230.,,,,,,,,D,UNK,1934,GOOD,CGS,,Z = SEE DESCRIPTION,2 = IMBEDDED OR DRIVEN IN THE GROUND,
,20260103,http://www.ngs.noaa.gov/cgi-bin/ds_mark.prl?PidBox=FJ0412,FJ0412,148,,,,OK,POTTAWATOMIE,MACOMB (2018),35 08 55.     (N),097 01 37.     (W),35.1486111111,-97.0269444444,,NAD 83,(1986),,SCALED,287.365,NAVD 88,,ADJUSTED,-26.629,GEOID18,287.089,979663.5,,,,,,,,2,0,,,,OK S,201790.,688670.,,,,,,,,D,UNK,1934,GOOD,CGS,,Z = SEE DESCRIPTION,2 = IMBEDDED OR DRIVEN IN THE GROUND,
,20260103,http://www.ngs.noaa.gov/cgi-bin/ds_mark.prl?PidBox=GH0167,GH0167,14=816,,,,OK,PAYNE,TWIN MOUNDS (2018),36 01 33.     (N),096 52 26.     (W),36.0258333333,-96.8738888889,,NAD 83,(1986),,SCALED,248.095,NAVD 88,,ADJUSTED,-28.195,GEOID18,247.873,979732.8,,,,,,,,2,0,,,,OK N,114410.,701490.,,,,,,,,D,1905,1934,GOOD,CGS,,P = PIPE CAP,17 = SET INTO TOP OF METAL PIPE DRIVEN INTO GROUND,14 815 1903
,20260103,http://www.ngs.noaa.gov/cgi-bin/ds_mark.prl?PidBox=FJ0565,FJ0565,15 A 15,,,,OK,KINGFISHER,KINGFISHER (2018),35 49 41.90   (N),097 55 59.64   (W),35.8283055556,-97.9332333333,,NAD 83,(1986),,HD_HELD1,333.236,NAVD 88,,ADJUSTED,-27.155,GEOID18,332.931,979707.2,,,,,,,,1,2,,,,OK N,91904.7,606032.7,,,,,,,,D,1934,1985,MARK NOT FOUND,NGS,,DD = SURVEY DISK,9 = POST (STONE OR PRECAST CONCRETE),15 A 15 1934 TT
,20260103,http://www.ngs.noaa.gov/cgi-bin/ds_mark.prl?PidBox=FJ1145,FJ1145,15 A 15 TT,,,,OK,KINGFISHER,KINGFISHER (2018),35 49 41.90350(N),097 55 59.63608(W),35.8283065278,-97.9332322444,,NAD 83,(1993),,ADJUSTED,333.24,NAVD 88,,VERTCON3,-27.155,GEOID18,,,,,,,,,2,,,,,,OK N,91904.835,606032.824,+0 02 21.9,0.99991478,14,3965430.511,596354.981,+0 37 28.2,0.99971440,D,1934,1955,GOOD,OKGS,,DD = SURVEY DISK,9 = POST (STONE OR PRECAST CONCRETE),15 A 15 TT 1934
,20260103,http://www.ngs.noaa.gov/cgi-bin/ds_mark.prl?PidBox=GH0361,GH0361,15 A 28 TT,,,,OK,KINGFISHER,HENNESSEY (2018),36 01 43.30   (N),097 54 38.44   (W),36.0286944444,-97.9106777778,,NAD 83,(1986),,HD_HELD1,336.873,NAVD 88,,ADJUSTED,-27.384,GEOID18,336.569,979720.7,,,,,,,,1,2,,,,OK N,114140.0,608050.3,,,,,,,,D,1934,1985,MARK NOT FOUND,NGS,,DD = SURVEY DISK,9 = POST (STONE OR PRECAST CONCRETE),15 A 28 TT 1934
,20260103,http://www.ngs.noaa.gov/cgi-bin/ds_mark.prl?PidBox=FJ0555,FJ0555,15 A 9,,,,OK,CANADIAN,OKARCHE (2018),35 43 21.80   (N),097 58 26.42   (W),35.7227222222,-97.9740055556,,NAD 83,(1986),,HD_HELD1,378.973,NAVD 88,,ADJUSTED,-27.078,GEOID18,378.619,979688.1,,,,,,,,1,2,,,,OK N,80188.4,602351.9,,,,,,,,D,1934,1985,MARK NOT FOUND,NGS,,DD = SURVEY DISK,9 = POST (STONE OR PRECAST CONCRETE),15 A 9 1934 TT
,20260103,http://www.ngs.noaa.gov/cgi-bin/ds_mark.prl?PidBox=GH0372,GH0372,15 B 1 TT,,,,OK,KINGFISHER,HENNESSEY (2018),36 06 22.80   (N),097 53 56.34   (W),36.1063333333,-97.8989833333,,NAD 83,(1986),,HD_HELD1,353.555,NAVD 88,,POSTED,-27.486,GEOID18,353.24,979722.8,,,,,,,,,,,,,OK N,122755.4,609095.3,,,,,,,,D,1934,1985,MARK NOT FOUND,NGS,,DD = SURVEY DISK,9 = POST (STONE OR PRECAST CONCRETE),15 B 1 TT 1934
,20260103,http://www.ngs.noaa.gov/cgi-bin/ds_mark.prl?PidBox=FJ0410,FJ0410,150,,,,OK,POTTAWATOMIE,MACOMB (2018),35 07 33.     (N),097 02 53.     (W),35.1258333333,-97.0480555556,,NAD 83,(1986),,SCALED,298.695,NAVD 88,,ADJUSTED,-26.558,GEOID18,298.407,979660.6,,,,,,,,2,0,,,,OK S,199240.,686770.,,,,,,,,D,UNK,1934,GOOD,CGS,,Z = SEE DESCRIPTION,2 = IMBEDDED OR DRIVEN IN THE GROUND,
,20260103,http://www.ngs.noaa.gov/cgi-bin/ds_mark.prl?PidBox=FJ0408,FJ0408,151,,,,OK,POTTAWATOMIE,TRIBBEY (2018),35 06 46.     (N),097 03 13.     (W),35.1127777778,-97.0536111111,,NAD 83,(1986),,SCALED,307.563,NAVD 88,,ADJUSTED,-26.522,GEOID18,307.266,979659.4,,,,,,,,2,0,,,,OK S,197790.,686270.,,,,,,,,D,UNK,1934,GOOD,CGS,,Z = SEE DESCRIPTION,30 = SET IN A LIGHT STRUCTURE,
,20260103,http://www.ngs.noaa.gov/cgi-bin/ds_mark.prl?PidBox=FJ0406,FJ0406,153,,,,OK,POTTAWATOMIE,TRIBBEY (2018),35 05 06.     (N),097 03 39.     (W),35.0850000000,-97.0608333333,,NAD 83,(1986),,SCALED,315.965,NAVD 88,,ADJUSTED,-26.449,GEOID18,315.659,979657.1,,,,,,,,2,0,,,,OK S,194700.,685640.,,,,,,,,D,UNK,1934,GOOD,CGS,,Z = SEE DESCRIPTION,30 = SET IN A LIGHT STRUCTURE,
,20260103,http://www.ngs.noaa.gov/cgi-bin/ds_mark.prl?PidBox=FJ0405,FJ0405,154,,,,OK,POTTAWATOMIE,TRIBBEY (2018),35 04 15.     (N),097 03 45.     (W),35.0708333333,-97.0625000000,,NAD 83,(1986),,SCALED,306.405,NAVD 88,,ADJUSTED,-26.417,GEOID18,306.108,979656.2,,,,,,,,2,0,,,,OK S,193130.,685510.,,,,,,,,D,UNK,1934,GOOD,CGS,,Z = SEE DESCRIPTION,30 = SET IN A LIGHT STRUCTURE,
,20260103,http://www.ngs.noaa.gov/cgi-bin/ds_mark.prl?PidBox=FJ0403,FJ0403,156,,,,OK,POTTAWATOMIE,TRIBBEY (2018),35 02 50.     (N),097 02 52.     (W),35.0472222222,-97.0477777778,,NAD 83,(1986),,SCALED,291.020,NAVD 88,,ADJUSTED,-26.376,GEOID18,290.738,979655.8,,,,,,,,2,0,,,,OK S,190520.,686870.,,,,,,,,D,UNK,1934,GOOD,CGS,,Z = SEE DESCRIPTION,30 = SET IN A LIGHT STRUCTURE,
,20260103,http://www.ngs.noaa.gov/cgi-bin/ds_mark.prl?PidBox=FJ0401,FJ0401,157,,,,OK,POTTAWATOMIE,TRIBBEY (2018),35 02 12.     (N),097 02 11.     (W),35.0366666667,-97.0363888889,,NAD 83,(1986),,SCALED,294.977,NAVD 88,,ADJUSTED,-26.360,GEOID18,294.691,979656.0,,,,,,,,2,0,,,,OK S,189360.,687920.,,,,,,,,D,UNK,1934,GOOD,CGS,,Z = SEE DESCRIPTION,30 = SET IN A LIGHT STRUCTURE,
,20260103,http://www.ngs.noaa.gov/cgi-bin/ds_mark.prl?PidBox=FJ0398,FJ0398,159,,,,OK,POTTAWATOMIE,TRIBBEY (2018),35 00 33.     (N),097 02 42.     (W),35.0091666667,-97.0450000000,,NAD 83,(1986),,SCALED,313.796,NAVD 88,,ADJUSTED,-26.282,GEOID18,313.491,979654.3,,,,,,,,2,0,,,,OK S,186300.,687170.,,,,,,,,D,UNK,1934,GOOD,CGS,,Z = SEE DESCRIPTION,30 = SET IN A LIGHT STRUCTURE,
,20260103,http://www.ngs.noaa.gov/cgi-bin/ds_mark.prl?PidBox=AC9280,AC9280,16 RDY,,,,OK,SEQUOYAH,SALLISAW (2019),35 26 15.     (N),094 48 19.     (W),35.4375000000,-94.8052777778,,NAD 83,(1986),,SCALED,157.943,NAVD 88,,ADJUSTED,-30.059,GEOID18,157.795,979694.9,,,,,,,,1,2,,,,OK N,53320.,890040.,,,,,,,,C,1964,19970401,GOOD,NGS,N,DD = SURVEY DISK,7 = SET IN TOP OF CONCRETE MONUMENT,16 RDY 1964
,20260103,http://www.ngs.noaa.gov/cgi-bin/ds_mark.prl?PidBox=GG0788,GG0788,16 RGS,,,,OK,ROGERS,NEODESHA (2019),36 07 08.37137(N),095 29 00.78639(W),36.1189920472,-95.4835517750,,NAD 83,(1993),,ADJUSTED,189.3,NAVD 88,,VERTCON3,-29.220,GEOID18,,,,,,,,,2,,,,,,OK N,127090.963,826513.259,+1 29 06.3,0.99992064,15,4000003.180,276478.588,-1 27 52.5,1.00021565,D,1968,1968,MONUMENTED,USGS,,DD = SURVEY DISK,9 = POST (STONE OR PRECAST CONCRETE),16 RGS 1968
,20260103,http://www.ngs.noaa.gov/cgi-bin/ds_mark.prl?PidBox=FH0246,FH0246,16528+20,,,,OK,LE FLORE,SPIRO (2018),35 14 24.     (N),094 36 06.     (W),35.2400000000,-94.6016666667,,NAD 83,(1986),,SCALED,151.781,NAVD 88,,ADJUSTED,-30.789,GEOID18,151.634,979663.0,,,,,,,,1,2,,,,OK S,216710.,909260.,,,,,,,,D,1933,20150309,MARK NOT FOUND,GEOCAC,,DB = BENCH MARK DISK,30 = SET IN A LIGHT STRUCTURE,P 4 1933
,20260103,http://www.ngs.noaa.gov/cgi-bin/ds_mark.prl?PidBox=FH0538,FH0538,17,,,,OK,MUSKOGEE,NORTHWEST MUSKOGEE (2019),35 47 02.     (N),095 23 38.     (W),35.7838888889,-95.3938888889,,NAD 83,(1986),,SCALED,173.755,NAVD 88,,ADJUSTED,-29.437,GEOID18,173.599,979732.8,,,,,,,,2,0,,,,OK N,90140.,835580.,,,,,,,,D,UNK,1960,GOOD,CGS,,DD = SURVEY DISK,,17
,20260103,http://www.ngs.noaa.gov/cgi-bin/ds_mark.prl?PidBox=FH0153,FH0153,17055+20,,,,OK,LE FLORE,SOUTH FORT SMITH (2017),35 19 51.     (N),094 28 10.     (W),35.3308333333,-94.4694444444,,NAD 83,(1986),,SCALED,127.917,NAVD 88,,ADJUSTED,-30.368,GEOID18,127.796,979682.7,,,,,,,,1,2,,,,OK S,227190.,920940.,,,,,,,,D,UNK,1947,POOR,CGS,,Z = SEE DESCRIPTION,30 = SET IN A LIGHT STRUCTURE,
,20260103,http://www.ngs.noaa.gov/cgi-bin/ds_mark.prl?PidBox=FH0152,FH0152,17107+85,,,,OK,LE FLORE,SOUTH FORT SMITH (2017),35 20 40.     (N),094 27 41.     (W),35.3444444444,-94.4613888889,,NAD 83,(1986),,SCALED,126.887,NAVD 88,,ADJUSTED,-30.310,GEOID18,126.767,979685.6,,,,,,,,1,2,,,,OK S,228730.,921620.,,,,,,,,D,UNK,1947,MARK NOT FOUND,CGS,,Z = SEE DESCRIPTION,30 = SET IN A LIGHT STRUCTURE,
,20260103,http://www.ngs.noaa.gov/cgi-bin/ds_mark.prl?PidBox=FH0150,FH0150,17211+55,,,,OK,LE FLORE,SOUTH FORT SMITH (2017),35 21 51.     (N),094 26 39.     (W),35.3641666667,-94.4441666667,,NAD 83,(1986),,SCALED,124.807,NAVD 88,,ADJUSTED,-30.220,GEOID18,124.689,979689.7,,,,,,,,1,2,,,,OK S,230970.,923100.,,,,,,,,D,UNK,1947,MARK NOT FOUND,CGS,,Z = SEE DESCRIPTION,30 = SET IN A LIGHT STRUCTURE,
,20260103,http://www.ngs.noaa.gov/cgi-bin/ds_mark.prl?PidBox=EL0571,EL0571,18,,,,OK,GARVIN,LINDSAY (2018),34 49 18.     (N),097 30 30.     (W),34.8216666667,-97.5083333333,,NAD 83,(1986),,SCALED,293.97,NAVD 88,,VERTCON3,-25.829,GEOID18,,,,,,,,,,,,,,,OK S,165200.,644980.,,,,,,,,D,UNK,1934,GOOD,CGS,,Z = SEE DESCRIPTION,0 = UNSPECIFIED SETTING,
,20260103,http://www.ngs.noaa.gov/cgi-bin/ds_mark.prl?PidBox=DR7907,DR7907,186 1 SBNT,Y,,,OK,TULSA,JENKS (2019),36 06 11.52590(N),095 54 49.09916(W),36.1032016389,-95.9136386556,205.496,NAD 83,(2011),2010.00,ADJUSTED,234.52,NAVD 88,,GPS OBS,-28.995,GEOID18,,,0.45,0.82,0.20,0.16,0.42,0.10391612,,,,-531572.071,-5131968.783,3737570.951,OK N,124421.644,787844.035,+1 13 52.5,0.99991378,15,3999326.805,237708.406,-1 43 04.1,1.00044777,C,20210818,20210818,MONUMENTED,COTOK,Y,DV = VERTICAL CONTROL DISK,7 = SET IN TOP OF CONCRETE MONUMENT,186 1 SBNT
,20260103,http://www.ngs.noaa.gov/cgi-bin/ds_mark.prl?PidBox=EL0570,EL0570,19,,,,OK,GARVIN,LINDSAY (2018),34 49 23.     (N),097 31 34.     (W),34.8230555556,-97.5261111111,,NAD 83,(1986),,SCALED,294.18,NAVD 88,,VERTCON3,-25.839,GEOID18,,,,,,,,,,,,,,,OK S,165350.,643350.,,,,,,,,D,UNK,1934,GOOD,CGS,,Z = SEE DESCRIPTION,0 = UNSPECIFIED SETTING,
,20260103,http://www.ngs.noaa.gov/cgi-bin/ds_mark.prl?PidBox=DR7911,DR7911,1908,Y,,,OK,TULSA,LEONARD (2018),35 59 19.48721(N),095 51 04.77910(W),35.9887464472,-95.8513275278,158.138,NAD 83,(2011),2010.00,ADJUSTED,187.27,NAVD 88,,GPS OBS,-29.105,GEOID18,,,0.47,0.90,0.20,0.18,0.46,0.08316829,,,,-526748.545,-5139940.109,3727274.325,OK N,111847.844,793734.299,+1 16 04.9,0.99992543,15,3986460.612,242947.019,-1 40 35.2,1.00041426,C,20120930,20210105,GOOD,COTOK,,DV = VERTICAL CONTROL DISK,7 = SET IN TOP OF CONCRETE MONUMENT,1908 2012
,20260103,http://www.ngs.noaa.gov/cgi-bin/ds_mark.prl?PidBox=GJ0237,GJ0237,1908.2,,,,OK,WOODWARD,WOODWARD (2018),36 26 10.0    (N),099 23 31.9    (W),36.4361111111,-99.3921944444,,NAD 83,(1986),,HD_HELD2,581.864,NAVD 88,,ADJUSTED,-28.288,GEOID18,581.301,979644.9,,,,,,,,2,0,,,,OK N,160237.,475179.,,,,,,,,D,UNK,20090807,GOOD,GEOCAC,,DB = BENCH MARK DISK,30 = SET IN A LIGHT STRUCTURE,
,20260103,http://www.ngs.noaa.gov/cgi-bin/ds_mark.prl?PidBox=DO7097,DO7097,1F0 A,,,SACS,OK,CARTER,ARDMORE EAST (2018),34 08 49.12468(N),097 07 18.11551(W),34.1469790778,-97.1216987528,223.695,NAD 83,(2011),2010.00,ADJUSTED,249.86,NAVD 88,,GPS OBS,-26.158,GEOID18,,,1.24,3.21,0.54,0.47,1.64,0.00217493,,,,-655134.293,-5243541.211,3560076.605,OK S,90604.791,680997.786,+0 29 54.7,0.99992976,14,3780046.543,673169.295,+1 03 16.5,0.99996966,C,20120816,20120816,MONUMENTED,WOOLPT,Y,DD = SURVEY DISK,7 = SET IN TOP OF CONCRETE MONUMENT,1F0 A 2012
,20260103,http://www.ngs.noaa.gov/cgi-bin/ds_mark.prl?PidBox=EM0233,EM0233,2,,,,OK,JACKSON,ALTUS (2018),34 39 08.     (N),099 16 50.     (W),34.6522222222,-99.2805555556,,NAD 83,(1986),,SCALED,412.680,NAVD 88,,ADJUSTED,-26.950,GEOID18,412.242,979561.8,,,,,,,,1,2,,,,OK S,147040.,482620.,,,,,,,,C,UNK,1963,MARK NOT FOUND,USGS,,DD = SURVEY DISK,7 = SET IN TOP OF CONCRETE MONUMENT,NO 2
,20260103,http://www.ngs.noaa.gov/cgi-bin/ds_mark.prl?PidBox=FJ0559,FJ0559,2,,,,OK,KINGFISHER,KINGFISHER (2018),35 46 11.     (N),097 57 21.     (W),35.7697222222,-97.9558333333,,NAD 83,(1986),,SCALED,354.878,NAVD 88,,ADJUSTED,-27.107,GEOID18,354.549,979697.5,,,,,,,,1,2,,,,OK N,85400.,603990.,,,,,,,,C,1935,1985,MARK NOT FOUND,NGS,,Q = CHISELED SQUARE,32 = SET IN A RETAINING WALL OR CONCRETE LEDGE,
,20260103,http://www.ngs.noaa.gov/cgi-bin/ds_mark.prl?PidBox=GJ0309,GJ0309,2 F,,,,OK,ELLIS,GAGE (2018),36 17 28.     (N),099 46 57.     (W),36.2911111111,-99.7825000000,,NAD 83,(1986),,SCALED,674.154,NAVD 88,,ADJUSTED,-28.305,GEOID18,673.476,979604.8,,,,,,,,1,2,,,,OK N,144720.,439890.,,,,,,,,D,1945,1945,MONUMENTED,CGS,,Q = CHISELED SQUARE,30 = SET IN A LIGHT STRUCTURE,
,20260103,http://www.ngs.noaa.gov/cgi-bin/ds_mark.prl?PidBox=FJ0325,FJ0325,2 M,,,,OK,MCCLAIN,PURCELL (2018),35 03 57.     (N),097 22 16.     (W),35.0658333333,-97.3711111111,,NAD 83,(1986),,SCALED,319.545,NAVD 88,,ADJUSTED,-26.231,GEOID18,319.235,979656.5,,,,,,,,2,0,,,,OK S,192360.,657360.,,,,,,,,C,1933,1934,GOOD,CGS,,DD = SURVEY DISK,7 = SET IN TOP OF CONCRETE MONUMENT,2 M 1933
,20260103,http://www.ngs.noaa.gov/cgi-bin/ds_mark.prl?PidBox=EL0568,EL0568,20,,,,OK,GARVIN,LINDSAY (2018),34 49 31.     (N),097 32 37.     (W),34.8252777778,-97.5436111111,,NAD 83,(1986),,SCALED,295.46,NAVD 88,,VERTCON3,-25.851,GEOID18,,,,,,,,,,,,,,,OK S,165590.,641750.,,,,,,,,D,UNK,1934,GOOD,CGS,,Z = SEE DESCRIPTION,0 = UNSPECIFIED SETTING,
,20260103,http://www.ngs.noaa.gov/cgi-bin/ds_mark.prl?PidBox=FJ0420,FJ0420,20 D 3 TT,,,,OK,GRADY,CHICKASHA (2018),35 03 04.26   (N),097 56 12.84   (W),35.0511833333,-97.9369000000,,NAD 83,(1986),,HD_HELD1,332.752,NAVD 88,,ADJUSTED,-26.472,GEOID18,332.423,979636.7,,,,,,,,2,0,,,,OK S,190555.1,605756.5,,,,,,,,D,1934,1965,MARK NOT FOUND,CGS,,DD = SURVEY DISK,9 = POST (STONE OR PRECAST CONCRETE),20 D 3 1934
,20260103,http://www.ngs.noaa.gov/cgi-bin/ds_mark.prl?PidBox=EM1085,EM1085,21 K 35,,,,OK,KIOWA,RAINY MOUNTAIN CREEK (2018),34 53 57.10481(N),098 57 41.58176(W),34.8991957806,-98.9615504889,457.622,NAD 83,(2011),2010.00,ADJUSTED,483.2,NAVD 88,,GPS OBS,-25.516,GEOID18,,,1.71,3.35,0.74,0.65,1.71,0.04744309,,,,-815808.461,-5173278.415,3628962.364,OK S,174111.080,512119.938,-0 32 44.9,0.99987919,14,3861865.027,503512.879,+0 01 19.2,0.99960015,D,1934,19930407,GOOD,NGS,Y,DD = SURVEY DISK,9 = POST (STONE OR PRECAST CONCRETE),NO. 21 K 35 TT 1935
,20260103,http://www.ngs.noaa.gov/cgi-bin/ds_mark.prl?PidBox=GG0956,GG0956,21 RGS,,,,OK,WAGONER,CATOOSA SE (2019),36 01 01.50648(N),095 36 08.25989(W),36.0170851333,-95.6022944139,166.026,NAD 83,(2011),2010.00,ADJUSTED,195.3,NAVD 88,,GPS OBS,-29.233,GEOID18,,,2.60,4.33,1.15,0.96,2.21,0.08519531,,,,-504223.333,-5140347.787,3729822.833,OK N,115516.890,816106.310,+1 24 54.0,0.99992277,15,3988976.312,265486.908,-1 31 51.3,1.00027771,C,1962,20200506,GOOD,COTOK,Y,DD = SURVEY DISK,7 = SET IN TOP OF CONCRETE MONUMENT,21 RGS 1962 640
,20260103,http://www.ngs.noaa.gov/cgi-bin/ds_mark.prl?PidBox=FJ0683,FJ0683,22 A 31,,,,OK,OKLAHOMA,OKLAHOMA CITY (2018),35 28 21.86   (N),097 30 43.94   (W),35.4727388889,-97.5122055556,,NAD 83,(1986),,HD_HELD1,372.738,NAVD 88,,ADJUSTED,-26.968,GEOID18,372.382,979668.5,,,,,,,,1,2,,,,OK N,52563.3,644272.9,,,,,,,,C,1934,19940114,GOOD,NGS,Y,DD = SURVEY DISK,32 = SET IN A RETAINING WALL OR CONCRETE LEDGE,22 A 31 TT 1934
,20260103,http://www.ngs.noaa.gov/cgi-bin/ds_mark.prl?PidBox=FJ0940,FJ0940,22 B 11 TT,,,,OK,CLEVELAND,NORMAN (2018),35 12 14.57244(N),097 25 59.30914(W),35.2040479000,-97.4331414278,,NAD 83,(1993),,ADJUSTED,351.55,NAVD 88,,VERTCON3,-26.508,GEOID18,,,,,,,,,2,,,,,,OK S,207657.201,651618.130,+0 19 18.3,0.99994332,14,3896796.030,642628.608,+0 54 12.4,0.99985071,D,1934,20100617,MARK NOT FOUND,GEOCAC,,DD = SURVEY DISK,9 = POST (STONE OR PRECAST CONCRETE),22 B 11 TT 1934
,20260103,http://www.ngs.noaa.gov/cgi-bin/ds_mark.prl?PidBox=FJ0345,FJ0345,22 B 3,,,,OK,CLEVELAND,MOORE (2018),35 20 25.     (N),097 29 03.     (W),35.3402777778,-97.4841666667,,NAD 83,(1986),,SCALED,380.874,NAVD 88,,ADJUSTED,-26.766,GEOID18,380.506,979656.2,,,,,,,,2,0,,,,OK S,222750.,646900.,,,,,,,,D,1934,1956,MARK NOT FOUND,CGS,,DD = SURVEY DISK,9 = POST (STONE OR PRECAST CONCRETE),22 B 3
,20260103,http://www.ngs.noaa.gov/cgi-bin/ds_mark.prl?PidBox=FJ0337,FJ0337,22 B 8,,,,OK,CLEVELAND,NORMAN (2018),35 14 49.     (N),097 27 35.     (W),35.2469444444,-97.4597222222,,NAD 83,(1986),,SCALED,359.356,NAVD 88,,ADJUSTED,-26.598,GEOID18,359.008,979653.4,,,,,,,,2,0,,,,OK S,212400.,649170.,,,,,,,,D,1934,19940120,MARK NOT FOUND,NGS,,DD = SURVEY DISK,9 = POST (STONE OR PRECAST CONCRETE),22-B-8 TT 1934
,20260103,http://www.ngs.noaa.gov/cgi-bin/ds_mark.prl?PidBox=FJ0924,FJ0924,22 D 29 TT,,,,OK,CLEVELAND,EASON (2018),35 00 19.34318(N),097 10 39.21365(W),35.0053731056,-97.1775593472,,NAD 83,(1993),,ADJUSTED,360.56,NAVD 88,,VERTCON3,-26.182,GEOID18,,,,,,,,,2,,,,,,OK S,185777.110,675070.577,+0 28 00.6,0.99991040,14,3875156.418,666299.521,+1 02 44.5,0.99994085,D,1935,1957,GOOD,CGS,,DD = SURVEY DISK,9 = POST (STONE OR PRECAST CONCRETE),22 D 29 TT 1935
,20260103,http://www.ngs.noaa.gov/cgi-bin/ds_mark.prl?PidBox=FJ0987,FJ0987,22 H 10 TT,,,,OK,OKLAHOMA,MIDWEST CITY (2018),35 29 35.40665(N),097 22 33.80845(W),35.4931685139,-97.3760579028,,NAD 83,(1993),,ADJUSTED,381.79,NAVD 88,,VERTCON3,-27.058,GEOID18,,,,,,,,,2,,,,,,OK N,54900.740,656615.091,+0 22 05.6,0.99995847,14,3928947.991,647299.293,+0 56 34.9,0.99986738,D,1936,20011004,MARK NOT FOUND,INDIV,,DD = SURVEY DISK,9 = POST (STONE OR PRECAST CONCRETE),22 H 10 TT 1936
,20260103,http://www.ngs.noaa.gov/cgi-bin/ds_mark.prl?PidBox=FH0485,FH0485,23,,,,OK,MUSKOGEE,WEBBERS FALLS (2018),35 36 29.     (N),095 10 39.     (W),35.6080555556,-95.1775000000,,NAD 83,(1986),,SCALED,154.981,NAVD 88,,ADJUSTED,-29.622,GEOID18,154.839,979713.3,,,,,,,,2,0,,,,OK N,71180.,855700.,,,,,,,,C,UNK,1960,GOOD,CGS,,DD = SURVEY DISK,7 = SET IN TOP OF CONCRETE MONUMENT,23
,20260103,http://www.ngs.noaa.gov/cgi-bin/ds_mark.prl?PidBox=GG0200,GG0200,236,,,,OK,ADAIR,WATTS (2019),36 06 21.     (N),094 34 17.     (W),36.1058333333,-94.5713888889,,NAD 83,(1986),,SCALED,292.032,NAVD 88,,ADJUSTED,-28.473,GEOID18,291.774,979742.0,,,,,,,,2,0,,,,OK N,128150.,908640.,,,,,,,,D,UNK,1960,MARK NOT FOUND,CGS,,Z = SEE DESCRIPTION,0 = UNSPECIFIED SETTING,
,20260103,http://www.ngs.noaa.gov/cgi-bin/ds_mark.prl?PidBox=GG0199,GG0199,237,,,,OK,ADAIR,WATTS (2019),36 05 57.     (N),094 35 07.     (W),36.0991666667,-94.5852777778,,NAD 83,(1986),,SCALED,292.255,NAVD 88,,ADJUSTED,-28.484,GEOID18,291.997,979740.6,,,,,,,,2,0,,,,OK N,127360.,907420.,,,,,,,,D,UNK,1960,MARK NOT FOUND,CGS,,Z = SEE DESCRIPTION,0 = UNSPECIFIED SETTING,
,20260103,http://www.ngs.noaa.gov/cgi-bin/ds_mark.prl?PidBox=FH0479,FH0479,25,,,,OK,SEQUOYAH,GORE (2019),35 31 45.     (N),095 07 03.     (W),35.5291666667,-95.1175000000,,NAD 83,(1986),,SCALED,152.361,NAVD 88,,ADJUSTED,-29.808,GEOID18,152.221,979712.3,,,,,,,,2,0,,,,OK N,62590.,861400.,,,,,,,,D,UNK,20221231,GOOD,OKDOT,N,DD = SURVEY DISK,31 = SET IN A PAVEMENT SUCH AS STREET SIDEWALK CURB ETC.,25 ELEV 497.53
,20260103,http://www.ngs.noaa.gov/cgi-bin/ds_mark.prl?PidBox=EM1025,EM1025,25 B 4 TT,,,,OK,JACKSON,MCQUEEN (2018),34 39 58.86381(N),099 39 27.45788(W),34.6663510583,-99.6576271889,,NAD 83,(1993),,ADJUSTED,458.56,NAVD 88,,VERTCON3,-27.790,GEOID18,,,,,,,,,2,,,,,,OK S,149110.389,448082.991,-0 56 27.2,0.99986936,14,3836240.368,439747.394,-0 22 26.6,0.99964475,D,1934,1948,GOOD,OKGS,,DD = SURVEY DISK,9 = POST (STONE OR PRECAST CONCRETE),25 B 4 TT 1934
,20260103,http://www.ngs.noaa.gov/cgi-bin/ds_mark.prl?PidBox=EM0882,EM0882,25 F 3,,,,OK,JACKSON,ALTUS (2018),34 39 07.69320(N),099 20 08.09421(W),34.6521370000,-99.3355817250,,NAD 83,(1993),,ADJUSTED,434.11,NAVD 88,,VERTCON3,-27.111,GEOID18,,,,,,,,,2,,,,,,OK S,147096.197,477574.787,-0 45 29.2,0.99987276,14,3834518.691,469248.520,-0 11 26.9,0.99961166,C,1936,1948,GOOD,OKGS,,DD = SURVEY DISK,35 = SET IN A MAT FOUNDATION OR CONCRETE SLAB OTHER THAN PAVEMENT,25 F 3 1936
,20260103,http://www.ngs.noaa.gov/cgi-bin/ds_mark.prl?PidBox=EM1042,EM1042,25 H 27 TT,,,,OK,HARMON,VINSON (2018),34 54 01.83225(N),099 48 04.75035(W),34.9005089583,-99.8013195417,,NAD 83,(1993),,ADJUSTED,565.22,NAVD 88,,VERTCON3,-27.209,GEOID18,,,,,,,,,2,,,,,,OK S,175307.079,435378.831,-1 01 20.9,0.99986669,14,3862302.903,426789.039,-0 27 30.6,0.99966606,D,1936,1948,GOOD,CGS,,DD = SURVEY DISK,9 = POST (STONE OR PRECAST CONCRETE),25 H 27 TT 1936
,20260103,http://www.ngs.noaa.gov/cgi-bin/ds_mark.prl?PidBox=FH0394,FH0394,257 1/2,,,,OK,ADAIR,STILWELL WEST (2019),35 48 39.     (N),094 37 35.     (W),35.8108333333,-94.6263888889,,NAD 83,(1986),,SCALED,338.023,NAVD 88,,ADJUSTED,-28.770,GEOID18,337.715,979711.6,,,,,,,,2,0,,,,OK N,95260.,904830.,,,,,,,,D,UNK,1960,MARK NOT FOUND,KCSRR,,Z = SEE DESCRIPTION,30 = SET IN A LIGHT STRUCTURE,
,20260103,http://www.ngs.noaa.gov/cgi-bin/ds_mark.prl?PidBox=GJ0418,GJ0418,26 T,,,,OK,GRANT,MANCHESTER (2018),36 53 04.     (N),098 00 05.     (W),36.8844444444,-98.0013888889,,NAD 83,(1986),,SCALED,347.521,NAVD 88,,ADJUSTED,-28.003,GEOID18,347.233,979792.1,,,,,,,,1,2,,,,OK N,209090.,599880.,,,,,,,,C,1966,1985,GOOD,NGS,,DB = BENCH MARK DISK,7 = SET IN TOP OF CONCRETE MONUMENT,26 T 1140 1966
,20260103,http://www.ngs.noaa.gov/cgi-bin/ds_mark.prl?PidBox=FJ0348,FJ0348,28,,,,OK,OKLAHOMA,MIDWEST CITY (2018),35 22 37.     (N),097 29 03.     (W),35.3769444444,-97.4841666667,,NAD 83,(1986),,SCALED,395.044,NAVD 88,,ADJUSTED,-26.821,GEOID18,394.664,979658.9,,,,,,,,2,0,,,,OK N,41950.,646870.,,,,,,,,D,1897,1957,GOOD,CGS,,P = PIPE CAP,17 = SET INTO TOP OF METAL PIPE DRIVEN INTO GROUND,1296 NO 28
,20260103,http://www.ngs.noaa.gov/cgi-bin/ds_mark.prl?PidBox=EL0531,EL0531,28 A 12,,,,OK,STEPHENS,DUNCAN NORTH (2018),34 35 36.85   (N),097 58 01.43   (W),34.5935694444,-97.9670638889,,NAD 83,(1986),,HD_HELD1,394.855,NAVD 88,,ADJUSTED,-25.971,GEOID18,394.442,979578.3,,,,,,,,2,0,,,,OK S,139790.1,603021.3,,,,,,,,D,1934,1963,MARK NOT FOUND,CGS,,DD = SURVEY DISK,9 = POST (STONE OR PRECAST CONCRETE),28 A 12 1934
,20260103,http://www.ngs.noaa.gov/cgi-bin/ds_mark.prl?PidBox=EL0997,EL0997,28 A 12 A,,,,OK,STEPHENS,DUNCAN NORTH (2018),34 35 39.77693(N),097 58 02.62162(W),34.5943824806,-97.9673948944,,NAD 83,(1993),,ADJUSTED,394.85,NAVD 88,,VERTCON3,-25.973,GEOID18,,,,,,,,,2,,,,,,OK S,139880.232,602990.882,+0 01 06.6,0.99987806,14,3828547.619,594691.373,+0 35 10.7,0.99971052,D,1934,1948,GOOD,CGS,,R = RIVET,9 = POST (STONE OR PRECAST CONCRETE),
,20260103,http://www.ngs.noaa.gov/cgi-bin/ds_mark.prl?PidBox=EL0527,EL0527,28 A 7,,,,OK,STEPHENS,DUNCAN NORTH (2018),34 30 51.62   (N),097 58 04.29   (W),34.5143388889,-97.9678583333,,NAD 83,(1986),,HD_HELD1,339.110,NAVD 88,,ADJUSTED,-25.779,GEOID18,338.760,979593.1,,,,,,,,2,0,,,,OK S,131001.4,602951.2,,,,,,,,D,1934,1963,MARK NOT FOUND,CGS,,DD = SURVEY DISK,9 = POST (STONE OR PRECAST CONCRETE),28 A 7 1934
,20260103,http://www.ngs.noaa.gov/cgi-bin/ds_mark.prl?PidBox=EL0944,EL0944,28 D 20 TT,,,,OK,CARTER,RINGLING (2018),34 14 15.07040(N),097 32 41.01449(W),34.2375195556,-97.5447262472,,NAD 83,(1993),,ADJUSTED,317.53,NAVD 88,,VERTCON3,-25.810,GEOID18,,,,,,,,,2,,,,,,OK S,100389.858,641940.875,+0 15 30.3,0.99990835,14,3789449.911,634021.503,+0 49 08.0,0.99982141,C,1936,1936,MONUMENTED,OKCC,,DD = SURVEY DISK,7 = SET IN TOP OF CONCRETE MONUMENT,TT 28D21 1936
,20260103,http://www.ngs.noaa.gov/cgi-bin/ds_mark.prl?PidBox=EL0946,EL0946,28 D 21 TT,,,,OK,CARTER,RINGLING (2018),34 14 09.30917(N),097 32 57.95960(W),34.2359192139,-97.5494332222,,NAD 83,(1993),,ADJUSTED,325.99,NAVD 88,,VERTCON3,-25.804,GEOID18,,,,,,,,,2,,,,,,OK S,100210.401,641508.053,+0 15 20.7,0.99990719,14,3789266.254,633590.515,+0 48 58.4,0.99981999,C,1937,1937,MONUMENTED,OKCC,,DD = SURVEY DISK,7 = SET IN TOP OF CONCRETE MONUMENT,TT 28D21 1937
,20260103,http://www.ngs.noaa.gov/cgi-bin/ds_mark.prl?PidBox=EL0935,EL0935,28 D 5 TT,,,,OK,STEPHENS,VELMA (2018),34 26 03.89227(N),097 41 51.18060(W),34.4344145194,-97.6975501667,,NAD 83,(1993),,NO CHECK,365.71,NAVD 88,,VERTCON3,-25.795,GEOID18,,,,,,,,,2,,,,,,OK S,122176.991,627796.994,+0 10 18.0,0.99988599,14,3811093.887,619666.429,+0 44 11.7,0.99977651,D,1934,1955,GOOD,OKGS,,DD = SURVEY DISK,9 = POST (STONE OR PRECAST CONCRETE),28 D 5 TT
,20260103,http://www.ngs.noaa.gov/cgi-bin/ds_mark.prl?PidBox=EL0932,EL0932,28 E 43 TT,,,,OK,STEPHENS,RATLIFF CITY (2018),34 26 56.19943(N),097 35 12.74840(W),34.4489442861,-97.5868745556,,NAD 83,(1993),,ADJUSTED,312.,NAVD 88,,SCALED,-25.726,GEOID18,,,,,,,,,2,,,,,,OK S,123824.726,637962.116,+0 14 04.2,0.99989376,14,3812841.511,629813.317,+0 47 58.1,0.99980771,D,1936,1955,GOOD,OKCC,,DD = SURVEY DISK,9 = POST (STONE OR PRECAST CONCRETE),28 E 43 TT 1936
,20260103,http://www.ngs.noaa.gov/cgi-bin/ds_mark.prl?PidBox=EK0337,EK0337,28 RC,,,,OK,MCCURTAIN,BETHEL (2018),34 22 28.11   (N),094 52 21.38   (W),34.3744750000,-94.8726055556,,NAD 83,(1986),,HD_HELD1,207.499,NAVD 88,,ADJUSTED,-30.702,GEOID18,207.272,979537.0,,,,,,,,2,0,,,,OK S,119942.1,887587.1,,,,,,,,B,1955,20151202,GOOD,WEYCO,N,DD = SURVEY DISK,36 = SET IN A MASSIVE STRUCTURE,28 RC 1955 681
,20260103,http://www.ngs.noaa.gov/cgi-bin/ds_mark.prl?PidBox=FH0368,FH0368,280,,,,OK,SEQUOYAH,MARBLE CITY (2018),35 35 36.     (N),094 48 50.     (W),35.5933333333,-94.8138888889,,NAD 83,(1986),,SCALED,194.521,NAVD 88,,ADJUSTED,-29.458,GEOID18,194.342,979709.1,,,,,,,,2,0,,,,OK N,70570.,888690.,,,,,,,,D,UNK,1960,MARK NOT FOUND,KCSRR,,Z = SEE DESCRIPTION,0 = UNSPECIFIED SETTING,
,20260103,http://www.ngs.noaa.gov/cgi-bin/ds_mark.prl?PidBox=FH0296,FH0296,289,,,,OK,SEQUOYAH,SALLISAW (2019),35 28 17.     (N),094 49 19.     (W),35.4713888889,-94.8219444444,,NAD 83,(1986),,SCALED,166.84,NAVD 88,,VERTCON3,-29.929,GEOID18,,,,,,,,,,,,,,,OK N,57020.,888400.,,,,,,,,D,UNK,1960,GOOD,CGS,,Z = SEE DESCRIPTION,0 = UNSPECIFIED SETTING,
,20260103,http://www.ngs.noaa.gov/cgi-bin/ds_mark.prl?PidBox=FH0316,FH0316,29,,,,OK,SEQUOYAH,VIAN (2019),35 24 20.     (N),094 54 09.     (W),35.4055555556,-94.9025000000,,NAD 83,(1986),,SCALED,148.710,NAVD 88,,ADJUSTED,-30.203,GEOID18,148.570,979694.1,,,,,,,,2,0,,,,OK N,49490.,881320.,,,,,,,,D,UNK,1959,GOOD,CGS,,DD = SURVEY DISK,17 = SET INTO TOP OF METAL PIPE DRIVEN INTO GROUND,29
,20260103,http://www.ngs.noaa.gov/cgi-bin/ds_mark.prl?PidBox=EM0650,EM0650,29,,,,OK,COMANCHE,FORT SILL (2018),34 42 03.92187(N),098 25 14.87190(W),34.7010894083,-98.4207977500,,NAD 83,(1993),,ADJUSTED,366.,NAVD 88,,SCALED,-25.771,GEOID18,,,,,,,,,3,,,,,,OK S,151796.794,561449.477,-0 14 19.9,0.99988459,14,3840048.473,553044.964,+0 19 47.1,0.99963468,C,1945,20140702,GOOD,GEOCAC,Y,I = METAL ROD,7 = SET IN TOP OF CONCRETE MONUMENT,
,20260103,http://www.ngs.noaa.gov/cgi-bin/ds_mark.prl?PidBox=EM0004,EM0004,29 B 26,,,,OK,COMANCHE,FORT SILL (2018),34 37 32.     (N),098 23 11.     (W),34.6255555556,-98.3863888889,,NAD 83,(1986),,SCALED,342.285,NAVD 88,,ADJUSTED,-25.715,GEOID18,341.942,979622.7,,,,,,,,2,0,,,,OK S,143410.,564570.,,,,,,,,D,1934,1971,GOOD,OKDH,,DD = SURVEY DISK,9 = POST (STONE OR PRECAST CONCRETE),29 B 26 1934
,20260103,http://www.ngs.noaa.gov/cgi-bin/ds_mark.prl?PidBox=EL0988,EL0988,29 C 48 TT,,,,OK,MCCLAIN,BRADLEY (2018),34 53 04.12196(N),097 37 41.63399(W),34.8844783222,-97.6282316639,,NAD 83,(1993),,ADJUSTED,352.42,NAVD 88,,VERTCON3,-25.980,GEOID18,,,,,,,,,2,,,,,,OK S,172122.439,633983.891,+0 12 39.7,0.99989840,14,3861090.614,625355.978,+0 47 04.7,0.99979367,D,1936,1957,GOOD,CGS,,DD = SURVEY DISK,9 = POST (STONE OR PRECAST CONCRETE),29 C 48 TT 1936
,20260103,http://www.ngs.noaa.gov/cgi-bin/ds_mark.prl?PidBox=EL0876,EL0876,29 D 50 TT,,,,OK,GARVIN,PAOLI (2018),34 46 05.85652(N),097 22 24.68870(W),34.7682934778,-97.3735246389,,NAD 83,(1993),,ADJUSTED,320.40,NAVD 88,,VERTCON3,-25.639,GEOID18,,,,,,,,,2,,,,,,OK S,159349.279,657346.786,+0 21 20.2,0.99989482,14,3848553.119,648842.779,+0 55 39.7,0.99987306,D,1937,1957,GOOD,OKCC,,DD = SURVEY DISK,9 = POST (STONE OR PRECAST CONCRETE),29 D 50 TT 1937
,20260103,http://www.ngs.noaa.gov/cgi-bin/ds_mark.prl?PidBox=EK0346,EK0346,29 RC,,,,OK,MCCURTAIN,BATTIEST (2018),34 23 36.52   (N),094 57 43.68   (W),34.3934777778,-94.9621333333,,NAD 83,(1986),,HD_HELD1,229.510,NAVD 88,,ADJUSTED,-30.945,GEOID18,229.258,979535.0,,,,,,,,2,0,,,,OK S,121797.6,879293.5,,,,,,,,B,1955,1960,GOOD,CGS,,DD = SURVEY DISK,36 = SET IN A MASSIVE STRUCTURE,29 RC 1955 753
,20260103,http://www.ngs.noaa.gov/cgi-bin/ds_mark.prl?PidBox=FH0295,FH0295,290,,,,OK,SEQUOYAH,SALLISAW (2019),35 27 48.     (N),094 48 32.     (W),35.4633333333,-94.8088888889,,NAD 83,(1986),,SCALED,163.61,NAVD 88,,VERTCON3,-29.957,GEOID18,,,,,,,,,,,,,,,OK N,56170.,889610.,,,,,,,,D,UNK,1960,MARK NOT FOUND,CGS,,Z = SEE DESCRIPTION,0 = UNSPECIFIED SETTING,
,20260103,http://www.ngs.noaa.gov/cgi-bin/ds_mark.prl?PidBox=FJ0302,FJ0302,3,,,,OK,LOGAN,LANGSTON (2018),35 59 03.     (N),097 21 13.     (W),35.9841666667,-97.3536111111,,NAD 83,(1986),,SCALED,273.775,NAVD 88,,ADJUSTED,-27.924,GEOID18,273.525,979714.6,,,,,,,,2,0,,,,OK N,109390.,658290.,,,,,,,,D,1905,1934,GOOD,CGS,,P = PIPE CAP,17 = SET INTO TOP OF METAL PIPE DRIVEN INTO GROUND,3 899 ADJ 1903
,20260103,http://www.ngs.noaa.gov/cgi-bin/ds_mark.prl?PidBox=GL1554,GL1554,3 GLD,,,,OK,CIMARRON,GRIGGS NW (2018),36 42 17.05646(N),102 14 50.97427(W),36.7047379056,-102.2474928528,1179.061,NAD 83,(2011),2010.00,ADJUSTED,1203.5,NAVD 88,,GPS OBS,-24.381,GEOID18,,,2.14,5.25,0.98,0.73,2.68,-0.01489140,,,,-1086255.978,-5004047.725,3791878.551,OK N,197451.563,220591.831,-2 30 23.9,0.99980429,13,4065650.353,745878.212,+1 38 45.5,1.00034488,D,1970,20030522,GOOD,OKDOT,Y,DD = SURVEY DISK,15 = METAL ROD DRIVEN INTO GROUND. SEE TEXT FOR ADDITIONAL INFORMATION.,3 GLD 1970
,20260103,http://www.ngs.noaa.gov/cgi-bin/ds_mark.prl?PidBox=EK1038,EK1038,3 GLP,,,,OK,PUSHMATAHA,SOBOL (2019),34 09 24.84817(N),095 14 16.58700(W),34.1569022694,-95.2379408333,169.612,NAD 83,(2011),2010.00,ADJUSTED,199.6,NAVD 88,,GPS OBS,-29.956,GEOID18,,,3.19,6.70,1.42,1.17,3.42,0.00334170,,,,-482354.814,-5261583.001,3560957.183,OK S,94837.472,854661.069,+1 34 04.0,0.99993696,15,3781816.102,293692.230,-1 15 25.1,1.00012469,C,1960,19930504,GOOD,NGS,Y,DB = BENCH MARK DISK,7 = SET IN TOP OF CONCRETE MONUMENT,3 GLP 1960 654
,20260103,http://www.ngs.noaa.gov/cgi-bin/ds_mark.prl?PidBox=FJ0342,FJ0342,30,,,,OK,CLEVELAND,MOORE (2018),35 18 18.     (N),097 28 59.     (W),35.3050000000,-97.4830555556,,NAD 83,(1986),,SCALED,363.561,NAVD 88,,ADJUSTED,-26.710,GEOID18,363.208,979654.4,,,,,,,,2,0,,,,OK S,218830.,647020.,,,,,,,,D,1897,1934,GOOD,CGS,,P = PIPE CAP,17 = SET INTO TOP OF METAL PIPE DRIVEN INTO GROUND,1193 NO 30
,20260103,http://www.ngs.noaa.gov/cgi-bin/ds_mark.prl?PidBox=FJ0338,FJ0338,31,,,,OK,CLEVELAND,MOORE (2018),35 15 43.40192(N),097 28 05.35106(W),35.2620560889,-97.4681530722,325.530,NAD 83,(1993),,ADJUSTED,352.123,NAVD 88,,ADJUSTED,-26.631,GEOID18,351.782,979653.5,,,,,,,2,2,0,-677685.262,-5169733.794,3661832.064,OK S,214075.471,648396.092,+0 18 06.8,0.99995471,14,3903180.242,639342.035,+0 53 04.2,0.99983928,D,1897,20140124,MARK NOT FOUND,GEOCAC,Y,P = PIPE CAP,17 = SET INTO TOP OF METAL PIPE DRIVEN INTO GROUND,1156 NO 31
,20260103,http://www.ngs.noaa.gov/cgi-bin/ds_mark.prl?PidBox=FH0351,FH0351,316 1/2,,,,OK,LE FLORE,PANAMA (2018),35 10 32.     (N),094 40 03.     (W),35.1755555556,-94.6675000000,,NAD 83,(1986),,SCALED,133.21,NAVD 88,,VERTCON3,-31.030,GEOID18,,,,,,,,,,,,,,,OK S,209360.,903510.,,,,,,,,D,UNK,1934,GOOD,CGS,,Z = SEE DESCRIPTION,0 = UNSPECIFIED SETTING,
,20260103,http://www.ngs.noaa.gov/cgi-bin/ds_mark.prl?PidBox=FH0345,FH0345,320 1/2 E,,,,OK,LE FLORE,PANAMA (2018),35 07 40.     (N),094 39 12.     (W),35.1277777778,-94.6533333333,,NAD 83,(1986),,SCALED,134.040,NAVD 88,,ADJUSTED,-31.147,GEOID18,133.907,979641.3,,,,,,,,2,0,,,,OK S,204110.,904970.,,,,,,,,D,UNK,1934,GOOD,CGS,,Z = SEE DESCRIPTION,0 = UNSPECIFIED SETTING,
,20260103,http://www.ngs.noaa.gov/cgi-bin/ds_mark.prl?PidBox=GH0346,GH0346,323 A,,,,OK,NOBLE,PERRY (2018),36 15 49.     (N),097 17 57.     (W),36.2636111111,-97.2991666667,,NAD 83,(1986),,SCALED,310.393,NAVD 88,,ADJUSTED,-28.297,GEOID18,310.114,979726.5,,,,,,,,2,0,,,,OK N,140430.,662980.,,,,,,,,B,1934,1934,MONUMENTED,CGS,,Q = CHISELED SQUARE,36 = SET IN A MASSIVE STRUCTURE,
,20260103,http://www.ngs.noaa.gov/cgi-bin/ds_mark.prl?PidBox=GH0344,GH0344,326 A,,,,OK,NOBLE,ORLANDO EAST (2018),36 13 38.     (N),097 19 38.     (W),36.2272222222,-97.3272222222,,NAD 83,(1986),,SCALED,337.900,NAVD 88,,ADJUSTED,-28.234,GEOID18,337.596,979721.5,,,,,,,,2,0,,,,OK N,136370.,660480.,,,,,,,,D,1934,1934,MONUMENTED,CGS,,B = BOLT,30 = SET IN A LIGHT STRUCTURE,
,20260103,http://www.ngs.noaa.gov/cgi-bin/ds_mark.prl?PidBox=FH0303,FH0303,33,,,,OK,SEQUOYAH,GANS (2018),35 23 00.     (N),094 42 29.     (W),35.3833333333,-94.7080555556,,NAD 83,(1986),,SCALED,164.366,NAVD 88,,ADJUSTED,-30.269,GEOID18,164.211,979688.6,,,,,,,,2,0,,,,OK N,47600.,899060.,,,,,,,,D,UNK,1940,GOOD,CGS,,DD = SURVEY DISK,17 = SET INTO TOP OF METAL PIPE DRIVEN INTO GROUND,33
,20260103,http://www.ngs.noaa.gov/cgi-bin/ds_mark.prl?PidBox=FJ0941,FJ0941,33,,,,OK,CLEVELAND,NORMAN (2018),35 12 14.23954(N),097 25 59.08679(W),35.2039554278,-97.4330796639,,NAD 83,(1993),,ADJUSTED,349.,NAVD 88,,SCALED,-26.508,GEOID18,,,,,,,,,2,,,,,,OK S,207646.974,651623.812,+0 19 18.5,0.99994370,14,3896785.863,642634.393,+0 54 12.5,0.99985073,D,1897,20100617,MARK NOT FOUND,GEOCAC,,DB = BENCH MARK DISK,17 = SET INTO TOP OF METAL PIPE DRIVEN INTO GROUND,NO 33 1152 OKLAHOMA
,20260103,http://www.ngs.noaa.gov/cgi-bin/ds_mark.prl?PidBox=GG0241,GG0241,333,,,,OK,OTTAWA,WYANDOTTE (2018),36 47 35.     (N),094 43 35.     (W),36.7930555556,-94.7263888889,,NAD 83,(1986),,SCALED,227.854,NAVD 88,,ADJUSTED,-29.178,GEOID18,227.668,979806.9,,,,,,,,2,0,,,,OK N,203880.,892120.,,,,,,,,D,UNK,1939,GOOD,CGS,,Z = SEE DESCRIPTION,2 = IMBEDDED OR DRIVEN IN THE GROUND,
,20260103,http://www.ngs.noaa.gov/cgi-bin/ds_mark.prl?PidBox=FH0300,FH0300,34,,,,OK,SEQUOYAH,MULDROW SW (2018),35 21 30.     (N),094 39 26.     (W),35.3583333333,-94.6572222222,,NAD 83,(1986),,SCALED,147.479,NAVD 88,,ADJUSTED,-30.368,GEOID18,147.339,979684.6,,,,,,,,2,0,,,,OK N,44990.,903770.,,,,,,,,C,UNK,1940,GOOD,CGS,,DD = SURVEY DISK,7 = SET IN TOP OF CONCRETE MONUMENT,34
,20260103,http://www.ngs.noaa.gov/cgi-bin/ds_mark.prl?PidBox=FH0329,FH0329,35,,,,OK,SEQUOYAH,MULDROW SW (2018),35 20 06.     (N),094 38 14.     (W),35.3350000000,-94.6372222222,,NAD 83,(1986),,SCALED,143.514,NAVD 88,,ADJUSTED,-30.456,GEOID18,143.377,979680.4,,,,,,,,2,0,,,,OK N,42460.,905680.,,,,,,,,D,UNK,1959,GOOD,CGS,,DD = SURVEY DISK,17 = SET INTO TOP OF METAL PIPE DRIVEN INTO GROUND,35
,20260103,http://www.ngs.noaa.gov/cgi-bin/ds_mark.prl?PidBox=FH0324,FH0324,36,,,,OK,SEQUOYAH,FORT COFFEE (2018),35 19 57.     (N),094 33 59.     (W),35.3325000000,-94.5663888889,,NAD 83,(1986),,SCALED,131.092,NAVD 88,,ADJUSTED,-30.434,GEOID18,130.967,979680.0,,,,,,,,2,0,,,,OK N,42410.,912130.,,,,,,,,D,UNK,1940,GOOD,CGS,,DD = SURVEY DISK,17 = SET INTO TOP OF METAL PIPE DRIVEN INTO GROUND,36
,20260103,http://www.ngs.noaa.gov/cgi-bin/ds_mark.prl?PidBox=FH0321,FH0321,37,,,,OK,SEQUOYAH,FORT COFFEE (2018),35 19 55.     (N),094 30 47.     (W),35.3319444444,-94.5130555556,,NAD 83,(1986),,SCALED,129.465,NAVD 88,,ADJUSTED,-30.401,GEOID18,129.342,979681.4,,,,,,,,2,0,,,,OK N,42520.,916970.,,,,,,,,D,UNK,1959,GOOD,CGS,,DD = SURVEY DISK,17 = SET INTO TOP OF METAL PIPE DRIVEN INTO GROUND,37
,20260103,http://www.ngs.noaa.gov/cgi-bin/ds_mark.prl?PidBox=GJ0328,GJ0328,374=394,,,,OK,WOODWARD,FARGO (2018),36 24 28.     (N),099 33 20.     (W),36.4077777778,-99.5555555556,,NAD 83,(1986),,SCALED,659.322,NAVD 88,,ADJUSTED,-28.288,GEOID18,658.674,979627.8,,,,,,,,1,2,,,,OK N,157320.,460480.,,,,,,,,C,UNK,1934,GOOD,CGS,,B = BOLT,7 = SET IN TOP OF CONCRETE MONUMENT,
,20260103,http://www.ngs.noaa.gov/cgi-bin/ds_mark.prl?PidBox=FJ0622,FJ0622,378 F,,,,OK,OKLAHOMA,BRITTON (2018),35 32 19.     (N),097 31 16.     (W),35.5386111111,-97.5211111111,,NAD 83,(1986),,SCALED,353.727,NAVD 88,,ADJUSTED,-27.065,GEOID18,353.390,979672.6,,,,,,,,2,0,,,,OK N,59870.,643430.,,,,,,,,C,UNK,1966,GOOD,,,B = BOLT,32 = SET IN A RETAINING WALL OR CONCRETE LEDGE,
,20260103,http://www.ngs.noaa.gov/cgi-bin/ds_mark.prl?PidBox=DN0468,DN0468,38,,,,OK,BRYAN,DENISON DAM (2019),33 50 05.     (N),096 30 57.     (W),33.8347222222,-96.5158333333,,NAD 83,(1986),,SCALED,182.96,NAVD 88,,VERTCON3,-26.493,GEOID18,,,,,,,,,,,,,,,OK S,56630.,737380.,,,,,,,,D,UNK,1986,MARK NOT FOUND,NGS,,Q = CHISELED SQUARE,30 = SET IN A LIGHT STRUCTURE,
,20260103,http://www.ngs.noaa.gov/cgi-bin/ds_mark.prl?PidBox=FH0222,FH0222,38,,,,OK,SEQUOYAH,FORT SMITH (2017),35 22 33.     (N),094 28 42.     (W),35.3758333333,-94.4783333333,,NAD 83,(1986),,SCALED,128.238,NAVD 88,,ADJUSTED,-30.204,GEOID18,128.117,979690.6,,,,,,,,2,0,,,,OK N,47500.,919950.,,,,,,,,D,UNK,1959,MARK NOT FOUND,CGS,,P = PIPE CAP,17 = SET INTO TOP OF METAL PIPE DRIVEN INTO GROUND,38
,20260103,http://www.ngs.noaa.gov/cgi-bin/ds_mark.prl?PidBox=GJ0332,GJ0332,391,,,,OK,WOODWARD,FARGO (2018),36 25 48.     (N),099 30 38.     (W),36.4300000000,-99.5105555556,,NAD 83,(1986),,SCALED,651.972,NAVD 88,,ADJUSTED,-28.288,GEOID18,651.333,979631.4,,,,,,,,1,2,,,,OK N,159720.,464560.,,,,,,,,C,UNK,1945,GOOD,,,B = BOLT,7 = SET IN TOP OF CONCRETE MONUMENT,
,20260103,http://www.ngs.noaa.gov/cgi-bin/ds_mark.prl?PidBox=FJ0347,FJ0347,392 A,,,,OK,CLEVELAND,MOORE (2018),35 21 07.     (N),097 29 04.     (W),35.3519444444,-97.4844444444,,NAD 83,(1986),,SCALED,388.513,NAVD 88,,ADJUSTED,-26.783,GEOID18,388.138,979656.9,,,,,,,,1,2,,,,OK S,224040.,646860.,,,,,,,,C,UNK,19940120,GOOD,NGS,Y,B = BOLT,32 = SET IN A RETAINING WALL OR CONCRETE LEDGE,
,20260103,http://www.ngs.noaa.gov/cgi-bin/ds_mark.prl?PidBox=DR7909,DR7909,392 BALES,Y,,,OK,TULSA,SAPULPA NORTH (2018),36 04 49.50966(N),096 00 39.80450(W),36.0804193500,-96.0110568056,198.674,NAD 83,(2011),2010.00,ADJUSTED,227.57,NAVD 88,,GPS OBS,-28.869,GEOID18,,,0.46,0.84,0.20,0.17,0.43,0.08593369,,,,-540452.391,-5132533.088,3735524.106,OK N,121710.287,779126.101,+1 10 25.6,0.99991538,14,3997004.814,769150.287,+1 45 40.7,1.00049270,C,20180723,20210105,GOOD,COTOK,,DV = VERTICAL CONTROL DISK,7 = SET IN TOP OF CONCRETE MONUMENT,392 BALES 2018
,20260103,http://www.ngs.noaa.gov/cgi-bin/ds_mark.prl?PidBox=GJ0325,GJ0325,396,,,,OK,WOODWARD,FARGO (2018),36 23 37.     (N),099 35 14.     (W),36.3936111111,-99.5872222222,,NAD 83,(1986),,SCALED,647.979,NAVD 88,,ADJUSTED,-28.289,GEOID18,647.340,979626.1,,,,,,,,1,2,,,,OK N,155790.,457620.,,,,,,,,C,UNK,1934,GOOD,CGS,,B = BOLT,7 = SET IN TOP OF CONCRETE MONUMENT,
,20260103,http://www.ngs.noaa.gov/cgi-bin/ds_mark.prl?PidBox=FJ0340,FJ0340,396.2,,,,OK,CLEVELAND,MOORE (2018),35 17 05.     (N),097 28 52.     (W),35.2847222222,-97.4811111111,,NAD 83,(1986),,SCALED,356.556,NAVD 88,,ADJUSTED,-26.675,GEOID18,356.210,979653.7,,,,,,,,2,0,,,,OK S,216580.,647200.,,,,,,,,D,UNK,1934,GOOD,CGS,,Q = CHISELED SQUARE,30 = SET IN A LIGHT STRUCTURE,
,20260103,http://www.ngs.noaa.gov/cgi-bin/ds_mark.prl?PidBox=GJ0323,GJ0323,397,,,,OK,ELLIS,FARGO (2018),36 22 50.     (N),099 37 02.     (W),36.3805555556,-99.6172222222,,NAD 83,(1986),,SCALED,639.108,NAVD 88,,ADJUSTED,-28.288,GEOID18,638.477,979625.0,,,,,,,,1,2,,,,OK N,154390.,454900.,,,,,,,,C,UNK,1934,GOOD,CGS,,B = BOLT,7 = SET IN TOP OF CONCRETE MONUMENT,
,20260103,http://www.ngs.noaa.gov/cgi-bin/ds_mark.prl?PidBox=DN0018,DN0018,40,,,,OK,BRYAN,ACHILLE (2018),33 51 36.     (N),096 29 35.     (W),33.8600000000,-96.4930555556,,NAD 83,(1986),,SCALED,199.179,NAVD 88,,POSTED,-26.519,GEOID18,198.97,979572.9,,,,,,,,,,,,,OK S,59460.,739440.,,,,,,,,C,UNK,1986,MARK NOT FOUND,NGS,,B = BOLT,32 = SET IN A RETAINING WALL OR CONCRETE LEDGE,
,20260103,http://www.ngs.noaa.gov/cgi-bin/ds_mark.prl?PidBox=GJ0317,GJ0317,402,,,,OK,ELLIS,FARGO SW (2018),36 21 09.     (N),099 40 48.     (W),36.3525000000,-99.6800000000,,NAD 83,(1986),,SCALED,644.717,NAVD 88,,ADJUSTED,-28.289,GEOID18,644.078,979621.5,,,,,,,,1,2,,,,OK N,151370.,449220.,,,,,,,,C,UNK,1934,GOOD,CGS,,B = BOLT,7 = SET IN TOP OF CONCRETE MONUMENT,
,20260103,http://www.ngs.noaa.gov/cgi-bin/ds_mark.prl?PidBox=GJ0313,GJ0313,406,,,,OK,ELLIS,FARGO SW (2018),36 19 24.     (N),099 44 50.     (W),36.3233333333,-99.7472222222,,NAD 83,(1986),,SCALED,650.640,NAVD 88,,ADJUSTED,-28.295,GEOID18,649.989,979611.8,,,,,,,,1,2,,,,OK N,148240.,443130.,,,,,,,,C,UNK,1934,GOOD,CGS,,B = BOLT,7 = SET IN TOP OF CONCRETE MONUMENT,
,20260103,http://www.ngs.noaa.gov/cgi-bin/ds_mark.prl?PidBox=GJ0300,GJ0300,408 S,,,,OK,ELLIS,GAGE (2018),36 18 38.     (N),099 46 35.     (W),36.3105555556,-99.7763888889,,NAD 83,(1986),,SCALED,657.608,NAVD 88,,ADJUSTED,-28.295,GEOID18,656.948,979608.3,,,,,,,,1,2,,,,OK N,146870.,440480.,,,,,,,,C,UNK,1934,GOOD,CGS,,B = BOLT,7 = SET IN TOP OF CONCRETE MONUMENT,
,20260103,http://www.ngs.noaa.gov/cgi-bin/ds_mark.prl?PidBox=DN0019,DN0019,41,,,,OK,BRYAN,ACHILLE (2018),33 51 53.     (N),096 29 20.     (W),33.8647222222,-96.4888888889,,NAD 83,(1986),,SCALED,194.580,NAVD 88,,POSTED,-26.523,GEOID18,194.37,979572.9,,,,,,,,,,,,,OK S,59990.,739820.,,,,,,,,C,UNK,1986,MARK NOT FOUND,NGS,,B = BOLT,32 = SET IN A RETAINING WALL OR CONCRETE LEDGE,
,20260103,http://www.ngs.noaa.gov/cgi-bin/ds_mark.prl?PidBox=GJ0297,GJ0297,410,,,,OK,ELLIS,GAGE (2018),36 17 47.     (N),099 49 03.     (W),36.2963888889,-99.8175000000,,NAD 83,(1986),,SCALED,661.762,NAVD 88,,ADJUSTED,-28.287,GEOID18,661.095,979604.8,,,,,,,,1,2,,,,OK N,145370.,436760.,,,,,,,,C,UNK,1947,MARK NOT FOUND,,,B = BOLT,7 = SET IN TOP OF CONCRETE MONUMENT,
,20260103,http://www.ngs.noaa.gov/cgi-bin/ds_mark.prl?PidBox=GJ0295,GJ0295,413,,,,OK,ELLIS,GAGE (2018),36 17 07.     (N),099 51 40.     (W),36.2852777778,-99.8611111111,,NAD 83,(1986),,SCALED,670.364,NAVD 88,,ADJUSTED,-28.272,GEOID18,669.687,979602.2,,,,,,,,1,2,,,,OK N,144210.,432820.,,,,,,,,C,UNK,1934,GOOD,CGS,,B = BOLT,7 = SET IN TOP OF CONCRETE MONUMENT,
,20260103,http://www.ngs.noaa.gov/cgi-bin/ds_mark.prl?PidBox=FJ0323,FJ0323,414 A,,,,OK,MCCLAIN,PURCELL (2018),35 03 21.     (N),097 21 58.     (W),35.0558333333,-97.3661111111,,NAD 83,(1986),,SCALED,321.136,NAVD 88,,ADJUSTED,-26.212,GEOID18,320.825,979657.0,,,,,,,,2,0,,,,OK S,191250.,657830.,,,,,,,,C,UNK,1934,GOOD,CGS,,B = BOLT,32 = SET IN A RETAINING WALL OR CONCRETE LEDGE,
,20260103,http://www.ngs.noaa.gov/cgi-bin/ds_mark.prl?PidBox=FJ0322,FJ0322,415 B,,,,OK,MCCLAIN,PURCELL (2018),35 02 14.     (N),097 21 35.     (W),35.0372222222,-97.3597222222,,NAD 83,(1986),,SCALED,319.719,NAVD 88,,ADJUSTED,-26.180,GEOID18,319.409,979656.7,,,,,,,,2,0,,,,OK S,189190.,658420.,,,,,,,,C,UNK,1934,GOOD,CGS,,B = BOLT,32 = SET IN A RETAINING WALL OR CONCRETE LEDGE,
,20260103,http://www.ngs.noaa.gov/cgi-bin/ds_mark.prl?PidBox=FJ0320,FJ0320,415 E,,,,OK,MCCLAIN,PURCELL (2018),35 01 53.     (N),097 21 31.     (W),35.0313888889,-97.3586111111,,NAD 83,(1986),,SCALED,319.68,NAVD 88,,VERTCON3,-26.170,GEOID18,,,,,,,,,,,,,,,OK S,188540.,658530.,,,,,,,,C,UNK,1934,GOOD,CGS,,B = BOLT,32 = SET IN A RETAINING WALL OR CONCRETE LEDGE,
,20260103,http://www.ngs.noaa.gov/cgi-bin/ds_mark.prl?PidBox=FJ0319,FJ0319,416.2,,,,OK,MCCLAIN,PURCELL (2018),35 01 23.     (N),097 21 20.     (W),35.0230555556,-97.3555555556,,NAD 83,(1986),,SCALED,316.191,NAVD 88,,ADJUSTED,-26.156,GEOID18,315.885,979655.3,,,,,,,,2,0,,,,OK S,187620.,658810.,,,,,,,,D,UNK,1934,GOOD,CGS,,Q = CHISELED SQUARE,30 = SET IN A LIGHT STRUCTURE,
,20260103,http://www.ngs.noaa.gov/cgi-bin/ds_mark.prl?PidBox=DN0020,DN0020,42,,,,OK,BRYAN,ACHILLE (2018),33 51 58.     (N),096 29 16.     (W),33.8661111111,-96.4877777778,,NAD 83,(1986),,SCALED,194.588,NAVD 88,,POSTED,-26.525,GEOID18,194.38,979572.9,,,,,,,,,,,,,OK S,60150.,739920.,,,,,,,,C,UNK,1986,MARK NOT FOUND,NGS,,B = BOLT,32 = SET IN A RETAINING WALL OR CONCRETE LEDGE,
,20260103,http://www.ngs.noaa.gov/cgi-bin/ds_mark.prl?PidBox=DN0556,DN0556,422.3,,,,OK,LOVE,THACKERVILLE (2019),33 47 19.     (N),097 08 46.     (W),33.7886111111,-97.1461111111,,NAD 83,(1986),,SCALED,262.82,NAVD 88,,VERTCON3,-25.767,GEOID18,,,,,,,,,,,,,,,OK S,50840.,679080.,,,,,,,,B,UNK,1934,GOOD,CGS,,B = BOLT,36 = SET IN A MASSIVE STRUCTURE,
,20260103,http://www.ngs.noaa.gov/cgi-bin/ds_mark.prl?PidBox=DN0557,DN0557,423,,,,OK,LOVE,THACKERVILLE (2019),33 47 29.     (N),097 08 43.     (W),33.7913888889,-97.1452777778,,NAD 83,(1986),,SCALED,263.38,NAVD 88,,VERTCON3,-25.773,GEOID18,,,,,,,,,,,,,,,OK S,51150.,679160.,,,,,,,,B,UNK,1934,GOOD,CGS,,B = BOLT,36 = SET IN A MASSIVE STRUCTURE,
,20260103,http://www.ngs.noaa.gov/cgi-bin/ds_mark.prl?PidBox=DN0559,DN0559,423.2,,,,OK,LOVE,THACKERVILLE (2019),33 48 13.     (N),097 08 29.     (W),33.8036111111,-97.1413888889,,NAD 83,(1986),,SCALED,268.91,NAVD 88,,VERTCON3,-25.805,GEOID18,,,,,,,,,,,,,,,OK S,52500.,679510.,,,,,,,,D,UNK,1934,GOOD,CGS,,Z = SEE DESCRIPTION,30 = SET IN A LIGHT STRUCTURE,
,20260103,http://www.ngs.noaa.gov/cgi-bin/ds_mark.prl?PidBox=DN0560,DN0560,424.2,,,,OK,LOVE,THACKERVILLE (2019),33 48 36.     (N),097 08 22.     (W),33.8100000000,-97.1394444444,,NAD 83,(1986),,SCALED,267.27,NAVD 88,,VERTCON3,-25.822,GEOID18,,,,,,,,,,,,,,,OK S,53210.,679680.,,,,,,,,B,UNK,1934,GOOD,CGS,,B = BOLT,36 = SET IN A MASSIVE STRUCTURE,
,20260103,http://www.ngs.noaa.gov/cgi-bin/ds_mark.prl?PidBox=GJ0315,GJ0315,424=404,,,,OK,ELLIS,FARGO SW (2018),36 20 17.     (N),099 42 46.     (W),36.3380555556,-99.7127777778,,NAD 83,(1986),,SCALED,644.541,NAVD 88,,ADJUSTED,-28.292,GEOID18,643.899,979616.5,,,,,,,,1,2,,,,OK N,149820.,446250.,,,,,,,,C,UNK,1934,GOOD,CGS,,B = BOLT,7 = SET IN TOP OF CONCRETE MONUMENT,
,20260103,http://www.ngs.noaa.gov/cgi-bin/ds_mark.prl?PidBox=DN0561,DN0561,425.1,,,,OK,LOVE,THACKERVILLE (2019),33 49 01.     (N),097 08 14.     (W),33.8169444444,-97.1372222222,,NAD 83,(1986),,SCALED,264.84,NAVD 88,,VERTCON3,-25.840,GEOID18,,,,,,,,,,,,,,,OK S,53990.,679880.,,,,,,,,B,UNK,1934,GOOD,CGS,,B = BOLT,36 = SET IN A MASSIVE STRUCTURE,
,20260103,http://www.ngs.noaa.gov/cgi-bin/ds_mark.prl?PidBox=DN0563,DN0563,427.2,,,,OK,LOVE,THACKERVILLE (2019),33 51 28.     (N),097 07 29.     (W),33.8577777778,-97.1247222222,,NAD 83,(1986),,SCALED,253.653,NAVD 88,,ADJUSTED,-25.955,GEOID18,253.384,979569.7,,,,,,,,2,0,,,,OK S,58530.,681000.,,,,,,,,B,UNK,1934,GOOD,CGS,,B = BOLT,36 = SET IN A MASSIVE STRUCTURE,
,20260103,http://www.ngs.noaa.gov/cgi-bin/ds_mark.prl?PidBox=DN0564,DN0564,429 B,,,,OK,LOVE,MARIETTA EAST (2018),33 53 03.     (N),097 07 16.     (W),33.8841666667,-97.1211111111,,NAD 83,(1986),,SCALED,235.158,NAVD 88,,ADJUSTED,-26.020,GEOID18,234.908,979567.2,,,,,,,,2,0,,,,OK S,61460.,681310.,,,,,,,,B,UNK,20180321,GOOD,OKDOT,N,Z = SEE DESCRIPTION,36 = SET IN A MASSIVE STRUCTURE,
,20260103,http://www.ngs.noaa.gov/cgi-bin/ds_mark.prl?PidBox=DN0565,DN0565,429.2,,,,OK,LOVE,MARIETTA EAST (2018),33 53 12.     (N),097 07 16.     (W),33.8866666667,-97.1211111111,,NAD 83,(1986),,SCALED,237.60,NAVD 88,,VERTCON3,-26.025,GEOID18,,,,,,,,,,,,,,,OK S,61730.,681300.,,,,,,,,B,UNK,1934,GOOD,CGS,,B = BOLT,36 = SET IN A MASSIVE STRUCTURE,
,20260103,http://www.ngs.noaa.gov/cgi-bin/ds_mark.prl?PidBox=DN0021,DN0021,43,,,,OK,BRYAN,ACHILLE (2018),33 52 27.     (N),096 28 47.     (W),33.8741666667,-96.4797222222,,NAD 83,(1986),,SCALED,199.630,NAVD 88,,POSTED,-26.532,GEOID18,199.42,979573.0,,,,,,,,,,,,,OK S,61050.,740650.,,,,,,,,C,UNK,1986,MARK NOT FOUND,NGS,,B = BOLT,32 = SET IN A RETAINING WALL OR CONCRETE LEDGE,
,20260103,http://www.ngs.noaa.gov/cgi-bin/ds_mark.prl?PidBox=FJ0236,FJ0236,43 A,,,,OK,PAYNE,TRYON NORTH (2018),35 58 41.     (N),096 54 55.     (W),35.9780555556,-96.9152777778,,NAD 83,(1986),,SCALED,250.888,NAVD 88,,ADJUSTED,-28.146,GEOID18,250.661,979723.8,,,,,,,,2,0,,,,OK N,109060.,697820.,,,,,,,,C,1934,20220309,MARK NOT FOUND,OKDOT,,Q = CHISELED SQUARE,32 = SET IN A RETAINING WALL OR CONCRETE LEDGE,
,20260103,http://www.ngs.noaa.gov/cgi-bin/ds_mark.prl?PidBox=DN0567,DN0567,432.1,,,,OK,LOVE,MARIETTA EAST (2018),33 55 01.     (N),097 07 06.     (W),33.9169444444,-97.1183333333,,NAD 83,(1986),,SCALED,251.97,NAVD 88,,VERTCON3,-26.079,GEOID18,,,,,,,,,,,,,,,OK S,65090.,681530.,,,,,,,,D,UNK,1934,GOOD,CGS,,Z = SEE DESCRIPTION,30 = SET IN A LIGHT STRUCTURE,
,20260103,http://www.ngs.noaa.gov/cgi-bin/ds_mark.prl?PidBox=DN0574,DN0574,433.3,,,,OK,LOVE,MARIETTA EAST (2018),33 56 22.     (N),097 06 59.     (W),33.9394444444,-97.1163888889,,NAD 83,(1986),,SCALED,259.44,NAVD 88,,VERTCON3,-26.110,GEOID18,,,,,,,,,,,,,,,OK S,67590.,681690.,,,,,,,,D,UNK,1934,GOOD,CGS,,Z = SEE DESCRIPTION,30 = SET IN A LIGHT STRUCTURE,
,20260103,http://www.ngs.noaa.gov/cgi-bin/ds_mark.prl?PidBox=DN0576,DN0576,436,,,,OK,LOVE,MARIETTA EAST (2018),33 58 38.     (N),097 06 47.     (W),33.9772222222,-97.1130555556,,NAD 83,(1986),,SCALED,231.05,NAVD 88,,VERTCON3,-26.155,GEOID18,,,,,,,,,,,,,,,OK S,71780.,681960.,,,,,,,,D,UNK,1934,GOOD,CGS,,X = CHISELED CROSS,30 = SET IN A LIGHT STRUCTURE,
,20260103,http://www.ngs.noaa.gov/cgi-bin/ds_mark.prl?PidBox=DN0577,DN0577,437.2,,,,OK,LOVE,MARIETTA EAST (2018),33 59 37.     (N),097 06 29.     (W),33.9936111111,-97.1080555556,,NAD 83,(1986),,SCALED,222.20,NAVD 88,,VERTCON3,-26.178,GEOID18,,,,,,,,,,,,,,,OK S,73610.,682410.,,,,,,,,B,UNK,1934,GOOD,CGS,,B = BOLT,36 = SET IN A MASSIVE STRUCTURE,
,20260103,http://www.ngs.noaa.gov/cgi-bin/ds_mark.prl?PidBox=DN0022,DN0022,44,,,,OK,BRYAN,ACHILLE (2018),33 52 27.     (N),096 28 47.     (W),33.8741666667,-96.4797222222,,NAD 83,(1986),,SCALED,199.50,NAVD 88,,VERTCON3,-26.532,GEOID18,,,,,,,,,,,,,,,OK S,61050.,740650.,,,,,,,,C,UNK,1986,MARK NOT FOUND,NGS,,B = BOLT,32 = SET IN A RETAINING WALL OR CONCRETE LEDGE,
,20260103,http://www.ngs.noaa.gov/cgi-bin/ds_mark.prl?PidBox=EL0266,EL0266,44,,,,OK,PONTOTOC,VANOSS (2018),34 45 21.     (N),096 45 01.     (W),34.7558333333,-96.7502777778,,NAD 83,(1986),,SCALED,279.18,NAVD 88,,VERTCON3,-26.095,GEOID18,,,,,,,,,,,,,,,OK S,158500.,714410.,,,,,,,,C,UNK,1934,GOOD,CGS,,B = BOLT,7 = SET IN TOP OF CONCRETE MONUMENT,
