FeatureId,DATA_DATE,DATA_SRCE,PID,NAME,HT_MOD,CORS_ID,PACS_SACS,STATE,COUNTY,QUAD,LATITUDE,LONGITUDE,DEC_LAT,DEC_LON,ELLIP_HT,POS_DATUM,DATUM_TAG,POS_EPOCH,POS_SRCE,ORTHO_HT,VERT_DATUM,VERT_EPOCH,VERT_SRCE,GEOID_HT,GEOID_MOD,DYNAMIC_HT,MODEL_GRAV,N_ACC_HZ,N_ACC_EH,N_ACC_STDN,N_ACC_STDE,N_ACC_STDH,N_ACC_CORR,POS_ORDER,VERT_ORDER,VERT_CLASS,ECEF_X,ECEF_Y,ECEF_Z,SPC_ZONE,SPC_NORTH,SPC_EAST,SPC_CONV,SPC_CSF,UTM_ZONE,UTM_NORTH,UTM_EAST,UTM_CONV,UTM_CSF,STABILITY,FIRST_RECV,LAST_RECV,LAST_COND,LAST_RECBY,SAT_USE,MARKER,SETTING,STAMPING
,20260103,http://www.ngs.noaa.gov/cgi-bin/ds_mark.prl?PidBox=LW0312,LW0312,1,,,,RI,PROVIDENCE,PAWTUCKET (2018),41 55 02.60   (N),071 23 42.67   (W),41.9173888889,-71.3951861111,,NAD 83,(1986),,HD_HELD1,56.809,NAVD 88,,ADJUSTED,-29.242,GEOID18,56.792,980327.8,,,,,,,,2,0,,,,RI,92637.9,108695.1,,,,,,,,C,UNK,20220324,GOOD,PROFLN,Y,DD = SURVEY DISK,7 = SET IN TOP OF CONCRETE MONUMENT,1
,20260103,http://www.ngs.noaa.gov/cgi-bin/ds_mark.prl?PidBox=LW0619,LW0619,1,,,,RI,NEWPORT,SAKONNET POINT (2018),41 27 35.     (N),071 11 19.     (W),41.4597222222,-71.1886111111,,NAD 83,(1986),,SCALED,7.687,NAVD 88,,ADJUSTED,-29.923,GEOID18,7.684,980292.7,,,,,,,,2,0,,,,RI,41850.,126020.,,,,,,,,C,UNK,1943,GOOD,CGS,,DD = SURVEY DISK,7 = SET IN TOP OF CONCRETE MONUMENT,
,20260103,http://www.ngs.noaa.gov/cgi-bin/ds_mark.prl?PidBox=LW0582,LW0582,1,,,,RI,NEWPORT,NEWPORT (2018),41 29 09.     (N),071 18 54.     (W),41.4858333333,-71.3150000000,,NAD 83,(1986),,SCALED,4.532,NAVD 88,,ADJUSTED,-30.010,GEOID18,4.531,980295.6,,,,,,,,2,0,,,,RI,44720.,115450.,,,,,,,,B,1968,20081001,MARK NOT FOUND,GEOCAC,,DD = SURVEY DISK,36 = SET IN A MASSIVE STRUCTURE,
,20260103,http://www.ngs.noaa.gov/cgi-bin/ds_mark.prl?PidBox=LW0240,LW0240,1 B USE,,,,RI,NEWPORT,PRUDENCE ISLAND (2018),41 35 12.     (N),071 17 06.     (W),41.5866666667,-71.2850000000,,NAD 83,(1986),,SCALED,1.771,NAVD 88,,ADJUSTED,-29.815,GEOID18,1.770,980298.4,,,,,,,,2,0,,,,RI,55920.,117930.,,,,,,,,B,UNK,1969,GOOD,CGS,,B = BOLT,36 = SET IN A MASSIVE STRUCTURE,
,20260103,http://www.ngs.noaa.gov/cgi-bin/ds_mark.prl?PidBox=LW0815,LW0815,1 M,,,,RI,WASHINGTON,WATCH HILL (2018),41 20 38.     (N),071 49 21.     (W),41.3438888889,-71.8225000000,,NAD 83,(1986),,SCALED,3.590,NAVD 88,,ADJUSTED,-30.619,GEOID18,3.588,980276.5,,,,,,,,2,0,,,,RI,28990.,73010.,,,,,,,,C,1941,1990,MARK NOT FOUND,USPSQD,,DB = BENCH MARK DISK,80 = SET IN A BOULDER,1 M 13 1941
,20260103,http://www.ngs.noaa.gov/cgi-bin/ds_mark.prl?PidBox=LW1310,LW1310,100,,,,RI,PROVIDENCE,GEORGIAVILLE (2018),41 52 29.     (N),071 33 45.     (W),41.8747222222,-71.5625000000,,NAD 83,(1986),,SCALED,88.849,NAVD 88,,ADJUSTED,-29.590,GEOID18,88.819,980286.1,,,,,,,,2,0,,,,RI,87900.,94810.,,,,,,,,C,UNK,1987,GOOD,USPSQD,,DB = BENCH MARK DISK,7 = SET IN TOP OF CONCRETE MONUMENT,100
,20260103,http://www.ngs.noaa.gov/cgi-bin/ds_mark.prl?PidBox=LW1311,LW1311,101,,,,RI,PROVIDENCE,GEORGIAVILLE (2018),41 52 40.     (N),071 34 18.     (W),41.8777777778,-71.5716666667,,NAD 83,(1986),,SCALED,100.335,NAVD 88,,ADJUSTED,-29.592,GEOID18,100.301,980285.3,,,,,,,,2,0,,,,RI,88240.,94050.,,,,,,,,A,UNK,1987,GOOD,USPSQD,,DB = BENCH MARK DISK,66 = SET IN ROCK OUTCROP,101
,20260103,http://www.ngs.noaa.gov/cgi-bin/ds_mark.prl?PidBox=LW1313,LW1313,103,,,,RI,PROVIDENCE,GEORGIAVILLE (2018),41 53 15.07   (N),071 35 41.75   (W),41.8875194444,-71.5949305556,,NAD 83,(1986),,HD_HELD1,124.497,NAVD 88,,ADJUSTED,-29.591,GEOID18,124.455,980283.6,,,,,,,,2,0,,,,RI,89319.4,92121.1,,,,,,,,A,UNK,1988,GOOD,USPSQD,,DB = BENCH MARK DISK,66 = SET IN ROCK OUTCROP,103
,20260103,http://www.ngs.noaa.gov/cgi-bin/ds_mark.prl?PidBox=LW1196,LW1196,108,,,,RI,PROVIDENCE,CHEPACHET (2018),41 54 29.61   (N),071 40 03.91   (W),41.9082250000,-71.6677527778,,NAD 83,(1986),,HD_HELD1,137.561,NAVD 88,,ADJUSTED,-29.596,GEOID18,137.513,980275.3,,,,,,,,2,0,,,,RI,91628.4,86081.7,,,,,,,,C,UNK,20220909,MARK NOT FOUND,PROFLN,,DB = BENCH MARK DISK,7 = SET IN TOP OF CONCRETE MONUMENT,108
,20260103,http://www.ngs.noaa.gov/cgi-bin/ds_mark.prl?PidBox=LW5390,LW5390,10945,,,,RI,PROVIDENCE,EAST PROVIDENCE (2018),41 49 19.17416(N),071 21 50.26145(W),41.8219928222,-71.3639615139,,NAD 83,(1996),,ADJUSTED,50.8,NAVD 88,,VERTCON3,-29.459,GEOID18,,,,,,,,,2,,,,,,RI,82045.929,111302.180,+0 05 26.6,0.99999197,19,4632714.131,303671.377,-1 34 36.6,1.00007433,A,1979,1979,MONUMENTED,MAGS,,Z = SEE DESCRIPTION,40 = SET IN A LARGE STRUCTURE WITH DEEP FOUNDATIONS,
,20260103,http://www.ngs.noaa.gov/cgi-bin/ds_mark.prl?PidBox=LW1230,LW1230,110,,,,RI,PROVIDENCE,CHEPACHET (2018),41 55 10.     (N),071 41 29.     (W),41.9194444444,-71.6913888889,,NAD 83,(1986),,SCALED,159.621,NAVD 88,,ADJUSTED,-29.578,GEOID18,159.566,980272.6,,,,,,,,2,0,,,,RI,92880.,84120.,,,,,,,,C,UNK,1988,GOOD,USPSQD,,DB = BENCH MARK DISK,7 = SET IN TOP OF CONCRETE MONUMENT,110
,20260103,http://www.ngs.noaa.gov/cgi-bin/ds_mark.prl?PidBox=LW1232,LW1232,111,,,,RI,PROVIDENCE,CHEPACHET (2018),41 55 09.     (N),071 42 35.     (W),41.9191666667,-71.7097222222,,NAD 83,(1986),,SCALED,152.151,NAVD 88,,ADJUSTED,-29.579,GEOID18,152.098,980270.1,,,,,,,,2,0,,,,RI,92850.,82600.,,,,,,,,C,UNK,1988,GOOD,USPSQD,,DB = BENCH MARK DISK,7 = SET IN TOP OF CONCRETE MONUMENT,111
,20260103,http://www.ngs.noaa.gov/cgi-bin/ds_mark.prl?PidBox=LW1233,LW1233,112,,,,RI,PROVIDENCE,CHEPACHET (2018),41 55 14.     (N),071 43 41.     (W),41.9205555556,-71.7280555556,,NAD 83,(1986),,SCALED,153.457,NAVD 88,,ADJUSTED,-29.575,GEOID18,153.403,980268.3,,,,,,,,2,0,,,,RI,93010.,81080.,,,,,,,,C,UNK,19900825,GOOD,USPSQD,,DB = BENCH MARK DISK,7 = SET IN TOP OF CONCRETE MONUMENT,112
,20260103,http://www.ngs.noaa.gov/cgi-bin/ds_mark.prl?PidBox=LW1237,LW1237,114,,,,RI,PROVIDENCE,THOMPSON (2018),41 55 02.     (N),071 45 47.     (W),41.9172222222,-71.7630555556,,NAD 83,(1986),,SCALED,185.374,NAVD 88,,ADJUSTED,-29.581,GEOID18,185.309,980266.3,,,,,,,,2,0,,,,RI,92650.,78180.,,,,,,,,A,UNK,19900825,GOOD,USPSQD,,DB = BENCH MARK DISK,66 = SET IN ROCK OUTCROP,114
,20260103,http://www.ngs.noaa.gov/cgi-bin/ds_mark.prl?PidBox=LW1239,LW1239,115,,,,RI,PROVIDENCE,THOMPSON (2018),41 55 09.22   (N),071 46 54.74   (W),41.9192277778,-71.7818722222,,NAD 83,(1986),,HD_HELD1,173.699,NAVD 88,,ADJUSTED,-29.578,GEOID18,173.638,980267.9,,,,,,,,2,0,,,,RI,92875.3,76617.3,,,,,,,,C,UNK,20220103,GOOD,CTGS,Y,DB = BENCH MARK DISK,7 = SET IN TOP OF CONCRETE MONUMENT,115
,20260103,http://www.ngs.noaa.gov/cgi-bin/ds_mark.prl?PidBox=LW1240,LW1240,116,,,,RI,PROVIDENCE,THOMPSON (2018),41 54 57.     (N),071 47 50.     (W),41.9158333333,-71.7972222222,,NAD 83,(1986),,SCALED,152.020,NAVD 88,,ADJUSTED,-29.588,GEOID18,151.967,980269.4,,,,,,,,2,0,,,,RI,92500.,75340.,,,,,,,,C,UNK,20170513,POOR,GEOCAC,,DB = BENCH MARK DISK,7 = SET IN TOP OF CONCRETE MONUMENT,116
,20260103,http://www.ngs.noaa.gov/cgi-bin/ds_mark.prl?PidBox=LW1198,LW1198,117,,,,RI,PROVIDENCE,CHEPACHET (2018),41 55 03.42783(N),071 40 17.43554(W),41.9176188417,-71.6715098722,,NAD 83,(1996),,ADJUSTED,134.386,NAVD 88,,ADJUSTED,-29.580,GEOID18,134.340,980275.4,,,,,,,2,2,0,,,,RI,92672.396,85772.050,-0 06 52.5,0.99997980,19,4644081.389,278458.005,-1 47 07.6,1.00020399,C,UNK,19900524,GOOD,USPSQD,,DB = BENCH MARK DISK,7 = SET IN TOP OF CONCRETE MONUMENT,117
,20260103,http://www.ngs.noaa.gov/cgi-bin/ds_mark.prl?PidBox=LW0444,LW0444,131,,,,RI,PROVIDENCE,PROVIDENCE (2018),41 49 11.70   (N),071 28 12.06   (W),41.8199166667,-71.4700166667,,NAD 83,(1986),,HD_HELD1,30.094,NAVD 88,,ADJUSTED,-29.586,GEOID18,30.085,980302.6,,,,,,,,2,0,,,,RI,81806.8,102491.1,,,,,,,,D,UNK,1969,GOOD,CGS,,DB = BENCH MARK DISK,31 = SET IN A PAVEMENT SUCH AS STREET SIDEWALK CURB ETC.,131
,20260103,http://www.ngs.noaa.gov/cgi-bin/ds_mark.prl?PidBox=LW0449,LW0449,132,,,,RI,PROVIDENCE,PROVIDENCE (2018),41 49 21.75   (N),071 29 18.54   (W),41.8227083333,-71.4884833333,,NAD 83,(1986),,HD_HELD1,65.053,NAVD 88,,ADJUSTED,-29.605,GEOID18,65.032,980296.7,,,,,,,,2,0,,,,RI,82116.5,100956.8,,,,,,,,C,UNK,1969,GOOD,CGS,,DB = BENCH MARK DISK,7 = SET IN TOP OF CONCRETE MONUMENT,132
,20260103,http://www.ngs.noaa.gov/cgi-bin/ds_mark.prl?PidBox=LW0450,LW0450,133,,,,RI,PROVIDENCE,PROVIDENCE (2018),41 49 26.86   (N),071 29 58.15   (W),41.8241277778,-71.4994861111,,NAD 83,(1986),,HD_HELD1,44.498,NAVD 88,,ADJUSTED,-29.619,GEOID18,44.483,980291.3,,,,,,,,2,0,,,,RI,82274.1,100042.7,,,,,,,,C,UNK,1969,GOOD,CGS,,DB = BENCH MARK DISK,7 = SET IN TOP OF CONCRETE MONUMENT,133
,20260103,http://www.ngs.noaa.gov/cgi-bin/ds_mark.prl?PidBox=LW1253,LW1253,134,,,,RI,PROVIDENCE,NORTH SCITUATE (2018),41 49 32.     (N),071 30 27.     (W),41.8255555556,-71.5075000000,,NAD 83,(1986),,SCALED,46.671,NAVD 88,,ADJUSTED,-29.628,GEOID18,46.656,980289.1,,,,,,,,2,0,,,,RI,82430.,99380.,,,,,,,,C,1969,1969,GOOD,CGS,,DB = BENCH MARK DISK,7 = SET IN TOP OF CONCRETE MONUMENT,134
,20260103,http://www.ngs.noaa.gov/cgi-bin/ds_mark.prl?PidBox=LW1256,LW1256,135,,,,RI,PROVIDENCE,NORTH SCITUATE (2018),41 49 50.     (N),071 31 30.     (W),41.8305555556,-71.5250000000,,NAD 83,(1986),,SCALED,85.709,NAVD 88,,ADJUSTED,-29.641,GEOID18,85.680,980284.2,,,,,,,,2,0,,,,RI,82990.,97920.,,,,,,,,C,UNK,1986,GOOD,RIGS,,DB = BENCH MARK DISK,7 = SET IN TOP OF CONCRETE MONUMENT,135
,20260103,http://www.ngs.noaa.gov/cgi-bin/ds_mark.prl?PidBox=LW1262,LW1262,136,,,,RI,PROVIDENCE,NORTH SCITUATE (2018),41 49 52.     (N),071 32 38.     (W),41.8311111111,-71.5438888889,,NAD 83,(1986),,SCALED,114.816,NAVD 88,,ADJUSTED,-29.659,GEOID18,114.777,980282.2,,,,,,,,2,0,,,,RI,83050.,96350.,,,,,,,,C,1969,1969,GOOD,CGS,,DB = BENCH MARK DISK,7 = SET IN TOP OF CONCRETE MONUMENT,136
,20260103,http://www.ngs.noaa.gov/cgi-bin/ds_mark.prl?PidBox=LW1264,LW1264,138,,,,RI,PROVIDENCE,NORTH SCITUATE (2018),41 50 08.     (N),071 34 30.     (W),41.8355555556,-71.5750000000,,NAD 83,(1986),,SCALED,97.609,NAVD 88,,ADJUSTED,-29.678,GEOID18,97.576,980281.5,,,,,,,,2,0,,,,RI,83550.,93770.,,,,,,,,C,1969,1969,GOOD,CGS,,DD = SURVEY DISK,7 = SET IN TOP OF CONCRETE MONUMENT,138
,20260103,http://www.ngs.noaa.gov/cgi-bin/ds_mark.prl?PidBox=LW0987,LW0987,14 M,,,,RI,WASHINGTON,CAROLINA (2018),41 23 00.7    (N),071 38 33.9    (W),41.3835277778,-71.6427500000,,NAD 83,(1986),,HD_HELD2,5.542,NAVD 88,,ADJUSTED,-30.481,GEOID18,5.540,980276.9,,,,,,,,2,0,,,,RI,33349.,88060.,,,,,,,,B,1941,20180422,GOOD,PROFLN,Y,DB = BENCH MARK DISK,36 = SET IN A MASSIVE STRUCTURE,14 M 1941 19
,20260103,http://www.ngs.noaa.gov/cgi-bin/ds_mark.prl?PidBox=LW1278,LW1278,146,,,,RI,PROVIDENCE,CLAYVILLE (2018),41 49 31.     (N),071 41 08.     (W),41.8252777778,-71.6855555556,,NAD 83,(1986),,SCALED,183.102,NAVD 88,,ADJUSTED,-29.764,GEOID18,183.039,980273.0,,,,,,,,2,0,,,,RI,82420.,84590.,,,,,,,,C,UNK,1988,GOOD,USPSQD,,DB = BENCH MARK DISK,7 = SET IN TOP OF CONCRETE MONUMENT,146
,20260103,http://www.ngs.noaa.gov/cgi-bin/ds_mark.prl?PidBox=LW1279,LW1279,147,,,,RI,PROVIDENCE,CLAYVILLE (2018),41 49 22.     (N),071 41 34.     (W),41.8227777778,-71.6927777778,,NAD 83,(1986),,SCALED,152.945,NAVD 88,,ADJUSTED,-29.775,GEOID18,152.892,980272.5,,,,,,,,2,0,,,,RI,82140.,83980.,,,,,,,,C,UNK,20060206,GOOD,GEOCAC,,DB = BENCH MARK DISK,7 = SET IN TOP OF CONCRETE MONUMENT,147
,20260103,http://www.ngs.noaa.gov/cgi-bin/ds_mark.prl?PidBox=LW1282,LW1282,148,,,,RI,PROVIDENCE,CLAYVILLE (2018),41 49 10.     (N),071 42 42.     (W),41.8194444444,-71.7116666667,,NAD 83,(1986),,SCALED,134.720,NAVD 88,,ADJUSTED,-29.789,GEOID18,134.673,980271.4,,,,,,,,2,0,,,,RI,81780.,82410.,,,,,,,,C,UNK,19900825,GOOD,USPSQD,,DB = BENCH MARK DISK,7 = SET IN TOP OF CONCRETE MONUMENT,148
,20260103,http://www.ngs.noaa.gov/cgi-bin/ds_mark.prl?PidBox=LW1284,LW1284,149,,,,RI,PROVIDENCE,CLAYVILLE (2018),41 48 57.     (N),071 43 37.     (W),41.8158333333,-71.7269444444,,NAD 83,(1986),,SCALED,147.437,NAVD 88,,ADJUSTED,-29.797,GEOID18,147.385,980271.0,,,,,,,,2,0,,,,RI,81380.,81140.,,,,,,,,C,UNK,1988,MARK NOT FOUND,USPSQD,,DB = BENCH MARK DISK,7 = SET IN TOP OF CONCRETE MONUMENT,149
,20260103,http://www.ngs.noaa.gov/cgi-bin/ds_mark.prl?PidBox=LW1285,LW1285,150RIBPR,,,,RI,PROVIDENCE,CLAYVILLE (2018),41 48 53.46   (N),071 44 05.88   (W),41.8148500000,-71.7349666667,,NAD 83,(1986),,HD_HELD1,152.553,NAVD 88,,ADJUSTED,-29.799,GEOID18,152.499,980270.9,,,,,,,,2,0,,,,RI,81270.3,80476.6,,,,,,,,C,UNK,19890310,GOOD,RIGS,,DB = BENCH MARK DISK,7 = SET IN TOP OF CONCRETE MONUMENT,150
,20260103,http://www.ngs.noaa.gov/cgi-bin/ds_mark.prl?PidBox=LW1287,LW1287,151,,,,RI,PROVIDENCE,EAST KILLINGLY (2018),41 48 46.21   (N),071 45 01.93   (W),41.8128361111,-71.7505361111,,NAD 83,(1986),,HD_HELD1,191.581,NAVD 88,,ADJUSTED,-29.803,GEOID18,191.513,980265.5,,,,,,,,2,0,,,,RI,81050.3,79182.3,,,,,,,,C,UNK,1988,MARK NOT FOUND,USPSQD,,DB = BENCH MARK DISK,7 = SET IN TOP OF CONCRETE MONUMENT,151
,20260103,http://www.ngs.noaa.gov/cgi-bin/ds_mark.prl?PidBox=LW1292,LW1292,152,,,,RI,PROVIDENCE,EAST KILLINGLY (2018),41 48 27.62   (N),071 45 53.47   (W),41.8076722222,-71.7648527778,,NAD 83,(1986),,HD_HELD1,198.481,NAVD 88,,ADJUSTED,-29.815,GEOID18,198.410,980261.1,,,,,,,,2,0,,,,RI,80480.3,77990.9,,,,,,,,C,UNK,1988,MARK NOT FOUND,USPSQD,,DB = BENCH MARK DISK,7 = SET IN TOP OF CONCRETE MONUMENT,152
,20260103,http://www.ngs.noaa.gov/cgi-bin/ds_mark.prl?PidBox=LW1294,LW1294,153,,,,RI,PROVIDENCE,EAST KILLINGLY (2018),41 48 00.30   (N),071 46 51.58   (W),41.8000833333,-71.7809944444,,NAD 83,(1986),,HD_HELD1,195.442,NAVD 88,,ADJUSTED,-29.837,GEOID18,195.371,980257.5,,,,,,,,2,0,,,,RI,79641.7,76646.8,,,,,,,,C,UNK,1988,MARK NOT FOUND,USPSQD,,DB = BENCH MARK DISK,7 = SET IN TOP OF CONCRETE MONUMENT,153
,20260103,http://www.ngs.noaa.gov/cgi-bin/ds_mark.prl?PidBox=LW0894,LW0894,16 M,,,,RI,WASHINGTON,QUONOCHONTAUG (2018),41 21 26.6    (N),071 42 11.5    (W),41.3573888889,-71.7031944444,,NAD 83,(1986),,HD_HELD2,16.273,NAVD 88,,ADJUSTED,-30.552,GEOID18,16.268,980275.6,,,,,,,,2,0,,,,RI,30456.,82997.,,,,,,,,A,1941,20180422,GOOD,PROFLN,Y,DB = BENCH MARK DISK,66 = SET IN ROCK OUTCROP,16 M 1941 54
,20260103,http://www.ngs.noaa.gov/cgi-bin/ds_mark.prl?PidBox=LW1327,LW1327,163,,,,RI,PROVIDENCE,NORTH SCITUATE (2018),41 51 07.24   (N),071 34 51.65   (W),41.8520111111,-71.5810138889,,NAD 83,(1986),,HD_HELD1,116.212,NAVD 88,,ADJUSTED,-29.651,GEOID18,116.173,980282.1,,,,,,,,2,0,,,,RI,85374.3,93272.4,,,,,,,,C,1969,19860602,GOOD,RIGS,,DB = BENCH MARK DISK,7 = SET IN TOP OF CONCRETE MONUMENT,163
,20260103,http://www.ngs.noaa.gov/cgi-bin/ds_mark.prl?PidBox=LW0406,LW0406,166,,,,RI,PROVIDENCE,PROVIDENCE (2018),41 47 49.     (N),071 28 46.     (W),41.7969444444,-71.4794444444,,NAD 83,(1986),,SCALED,27.476,NAVD 88,,ADJUSTED,-29.658,GEOID18,27.467,980297.3,,,,,,,,2,0,,,,RI,79260.,101710.,,,,,,,,C,UNK,20140326,GOOD,INDIV,Y,DB = BENCH MARK DISK,7 = SET IN TOP OF CONCRETE MONUMENT,166
,20260103,http://www.ngs.noaa.gov/cgi-bin/ds_mark.prl?PidBox=LW1336,LW1336,173,,,,RI,PROVIDENCE,NORTH SCITUATE (2018),41 47 05.82   (N),071 34 42.95   (W),41.7849500000,-71.5785972222,,NAD 83,(1986),,HD_HELD1,129.403,NAVD 88,,ADJUSTED,-29.781,GEOID18,129.359,980282.4,,,,,,,,2,0,,,,RI,77925.7,93466.3,,,,,,,,C,UNK,20030625,GOOD,INDIV,N,DB = BENCH MARK DISK,7 = SET IN TOP OF CONCRETE MONUMENT,173
,20260103,http://www.ngs.noaa.gov/cgi-bin/ds_mark.prl?PidBox=LW1184,LW1184,179,,,,RI,PROVIDENCE,CLAYVILLE (2018),41 47 39.06   (N),071 39 30.37   (W),41.7941833333,-71.6584361111,,NAD 83,(1986),,HD_HELD1,98.410,NAVD 88,,ADJUSTED,-29.816,GEOID18,98.376,980276.2,,,,,,,,2,0,,,,RI,78960.3,86831.3,,,,,,,,C,UNK,20220908,MARK NOT FOUND,PROFLN,Y,DB = BENCH MARK DISK,7 = SET IN TOP OF CONCRETE MONUMENT,179
,20260103,http://www.ngs.noaa.gov/cgi-bin/ds_mark.prl?PidBox=LW1182,LW1182,180,,,,RI,PROVIDENCE,CLAYVILLE (2018),41 47 04.91   (N),071 40 03.27   (W),41.7846972222,-71.6675750000,,NAD 83,(1986),,HD_HELD1,113.536,NAVD 88,,ADJUSTED,-29.837,GEOID18,113.497,980275.4,,,,,,,,2,0,,,,RI,77908.2,86069.7,,,,,,,,C,UNK,20220908,GOOD,PROFLN,,DB = BENCH MARK DISK,7 = SET IN TOP OF CONCRETE MONUMENT,180
,20260103,http://www.ngs.noaa.gov/cgi-bin/ds_mark.prl?PidBox=LW1181,LW1181,181,,,,RI,PROVIDENCE,CLAYVILLE (2018),41 46 33.69   (N),071 41 02.66   (W),41.7760250000,-71.6840722222,,NAD 83,(1986),,HD_HELD1,148.641,NAVD 88,,ADJUSTED,-29.858,GEOID18,148.590,980273.5,,,,,,,,2,0,,,,RI,76947.8,84696.2,,,,,,,,B,UNK,20220908,MARK NOT FOUND,PROFLN,N,DB = BENCH MARK DISK,65 = SET IN UNSPECIFIED ROCK OR BOULDER,181
,20260103,http://www.ngs.noaa.gov/cgi-bin/ds_mark.prl?PidBox=LW1103,LW1103,182,,,,RI,PROVIDENCE,CLAYVILLE (2018),41 46 31.     (N),071 41 26.     (W),41.7752777778,-71.6905555556,,NAD 83,(1986),,SCALED,165.375,NAVD 88,,ADJUSTED,-29.861,GEOID18,165.317,980272.7,,,,,,,,2,0,,,,RI,76870.,84160.,,,,,,,,C,UNK,20220908,MARK NOT FOUND,PROFLN,,DD = SURVEY DISK,7 = SET IN TOP OF CONCRETE MONUMENT,182
,20260103,http://www.ngs.noaa.gov/cgi-bin/ds_mark.prl?PidBox=LW1102,LW1102,183,,,,RI,PROVIDENCE,CLAYVILLE (2018),41 46 17.57   (N),071 41 52.55   (W),41.7715472222,-71.6979305556,,NAD 83,(1986),,HD_HELD1,172.271,NAVD 88,,ADJUSTED,-29.869,GEOID18,172.211,980271.7,,,,,,,,2,0,,,,RI,76453.0,83542.9,,,,,,,,C,UNK,1988,GOOD,USPSQD,,DB = BENCH MARK DISK,7 = SET IN TOP OF CONCRETE MONUMENT,183
,20260103,http://www.ngs.noaa.gov/cgi-bin/ds_mark.prl?PidBox=LW1100,LW1100,184,,,,RI,PROVIDENCE,CLAYVILLE (2018),41 45 35.24   (N),071 42 28.48   (W),41.7597888889,-71.7079111111,,NAD 83,(1986),,HD_HELD1,189.779,NAVD 88,,ADJUSTED,-29.889,GEOID18,189.712,980269.7,,,,,,,,2,0,,,,RI,75149.0,82709.9,,,,,,,,C,UNK,1988,GOOD,USPSQD,,DD = SURVEY DISK,7 = SET IN TOP OF CONCRETE MONUMENT,184
,20260103,http://www.ngs.noaa.gov/cgi-bin/ds_mark.prl?PidBox=LW1098,LW1098,185,,,,RI,PROVIDENCE,COVENTRY CENTER (2018),41 44 46.75   (N),071 42 21.31   (W),41.7463194444,-71.7059194444,,NAD 83,(1986),,HD_HELD1,197.931,NAVD 88,,ADJUSTED,-29.912,GEOID18,197.862,980269.2,,,,,,,,2,0,,,,RI,73652.6,82871.9,,,,,,,,C,UNK,1989,MARK NOT FOUND,USPSQD,,DB = BENCH MARK DISK,7 = SET IN TOP OF CONCRETE MONUMENT,185
,20260103,http://www.ngs.noaa.gov/cgi-bin/ds_mark.prl?PidBox=LW0408,LW0408,193,,,,RI,PROVIDENCE,PROVIDENCE (2018),41 48 29.38   (N),071 29 37.93   (W),41.8081611111,-71.4938694444,,NAD 83,(1986),,HD_HELD1,37.802,NAVD 88,,ADJUSTED,-29.648,GEOID18,37.790,980293.9,,,,,,,,2,0,,,,RI,80500.7,100509.4,,,,,,,,C,UNK,1987,GOOD,RIGS,,DB = BENCH MARK DISK,7 = SET IN TOP OF CONCRETE MONUMENT,193
,20260103,http://www.ngs.noaa.gov/cgi-bin/ds_mark.prl?PidBox=LW1186,LW1186,197,,,,RI,PROVIDENCE,CLAYVILLE (2018),41 48 45.38   (N),071 39 39.15   (W),41.8126055556,-71.6608750000,,NAD 83,(1986),,HD_HELD1,190.541,NAVD 88,,ADJUSTED,-29.777,GEOID18,190.476,980275.6,,,,,,,,2,0,,,,RI,81006.9,86632.4,,,,,,,,C,UNK,20220908,GOOD,PROFLN,Y,DB = BENCH MARK DISK,7 = SET IN TOP OF CONCRETE MONUMENT,197
,20260103,http://www.ngs.noaa.gov/cgi-bin/ds_mark.prl?PidBox=LW1188,LW1188,198,,,,RI,PROVIDENCE,CLAYVILLE (2018),41 50 09.17   (N),071 40 31.24   (W),41.8358805556,-71.6753444444,,NAD 83,(1986),,HD_HELD1,212.068,NAVD 88,,ADJUSTED,-29.736,GEOID18,211.995,980273.6,,,,,,,,2,0,,,,RI,83594.3,85435.4,,,,,,,,C,UNK,20220908,GOOD,PROFLN,,DB = BENCH MARK DISK,7 = SET IN TOP OF CONCRETE MONUMENT,198
,20260103,http://www.ngs.noaa.gov/cgi-bin/ds_mark.prl?PidBox=LW1190,LW1190,199,,,,RI,PROVIDENCE,CLAYVILLE (2018),41 50 57.99   (N),071 40 40.01   (W),41.8494416667,-71.6777805556,,NAD 83,(1986),,HD_HELD1,204.461,NAVD 88,,ADJUSTED,-29.712,GEOID18,204.391,980272.9,,,,,,,,2,0,,,,RI,85101.0,85236.2,,,,,,,,C,UNK,20220908,GOOD,PROFLN,,DB = BENCH MARK DISK,7 = SET IN TOP OF CONCRETE MONUMENT,199
,20260103,http://www.ngs.noaa.gov/cgi-bin/ds_mark.prl?PidBox=LW0310,LW0310,2,,,,RI,PROVIDENCE,PAWTUCKET (2018),41 55 49.     (N),071 24 08.     (W),41.9302777778,-71.4022222222,,NAD 83,(1986),,SCALED,73.003,NAVD 88,,ADJUSTED,-29.219,GEOID18,72.981,980326.2,,,,,,,,2,0,,,,RI,94070.,108110.,,,,,,,,C,UNK,1969,GOOD,CGS,,DB = BENCH MARK DISK,7 = SET IN TOP OF CONCRETE MONUMENT,2
,20260103,http://www.ngs.noaa.gov/cgi-bin/ds_mark.prl?PidBox=LW0621,LW0621,2,,,,RI,NEWPORT,SAKONNET POINT (2018),41 27 35.     (N),071 11 19.     (W),41.4597222222,-71.1886111111,,NAD 83,(1986),,SCALED,8.588,NAVD 88,,ADJUSTED,-29.923,GEOID18,8.585,980292.7,,,,,,,,2,0,,,,RI,41850.,126020.,,,,,,,,C,UNK,1943,GOOD,CGS,,DD = SURVEY DISK,7 = SET IN TOP OF CONCRETE MONUMENT,
,20260103,http://www.ngs.noaa.gov/cgi-bin/ds_mark.prl?PidBox=LW0906,LW0906,2 A,,,,RI,WASHINGTON,BLOCK ISLAND (2018),41 08 52.94154(N),071 36 01.10539(W),41.1480393167,-71.6003070528,,NAD 83,(1996),,ADJUSTED,29.709,LMSL,,ADJ UNCH,-30.810,GEOID18,,,,,,,,,2,2,0,,,,RI,7190.802,91579.611,-0 03 57.6,0.99999479,19,4558450.439,281790.053,-1 42 42.1,1.00018606,C,1943,1943,MONUMENTED,USACE,,Z = SEE DESCRIPTION,7 = SET IN TOP OF CONCRETE MONUMENT,USED 1943
,20260103,http://www.ngs.noaa.gov/cgi-bin/ds_mark.prl?PidBox=LW0909,LW0909,2 B,,,,RI,WASHINGTON,BLOCK ISLAND (2018),41 08 55.     (N),071 35 46.     (W),41.1486111111,-71.5961111111,,NAD 83,(1986),,SCALED,46.378,LMSL,,ADJ UNCH,-30.808,GEOID18,,,,,,,,,,2,0,,,,RI,7250.,91930.,,,,,,,,C,1943,1943,MONUMENTED,USACE,,B = BOLT,7 = SET IN TOP OF CONCRETE MONUMENT,USED 1943
,20260103,http://www.ngs.noaa.gov/cgi-bin/ds_mark.prl?PidBox=LW0239,LW0239,2 B USE,,,,RI,NEWPORT,PRUDENCE ISLAND (2018),41 35 10.     (N),071 17 02.     (W),41.5861111111,-71.2838888889,,NAD 83,(1986),,SCALED,1.740,NAVD 88,,ADJUSTED,-29.814,GEOID18,1.739,980298.4,,,,,,,,2,0,,,,RI,55860.,118020.,,,,,,,,B,UNK,1969,GOOD,CGS,,B = BOLT,36 = SET IN A MASSIVE STRUCTURE,
,20260103,http://www.ngs.noaa.gov/cgi-bin/ds_mark.prl?PidBox=LW0814,LW0814,2 M,,,,RI,WASHINGTON,WATCH HILL (2018),41 19 55.     (N),071 48 45.     (W),41.3319444444,-71.8125000000,,NAD 83,(1986),,SCALED,12.036,NAVD 88,,ADJUSTED,-30.638,GEOID18,12.032,980275.8,,,,,,,,2,0,,,,RI,27660.,73840.,,,,,,,,C,1941,20110824,GOOD,INDIV,N,DB = BENCH MARK DISK,80 = SET IN A BOULDER,2 M 1941 40
,20260103,http://www.ngs.noaa.gov/cgi-bin/ds_mark.prl?PidBox=LW1192,LW1192,200,,,,RI,PROVIDENCE,CLAYVILLE (2018),41 51 59.61   (N),071 40 30.82   (W),41.8665583333,-71.6752277778,,NAD 83,(1986),,HD_HELD1,189.093,NAVD 88,,ADJUSTED,-29.678,GEOID18,189.028,980272.9,,,,,,,,2,0,,,,RI,87001.7,85452.0,,,,,,,,C,UNK,20220909,GOOD,PROFLN,,DB = BENCH MARK DISK,7 = SET IN TOP OF CONCRETE MONUMENT,200
,20260103,http://www.ngs.noaa.gov/cgi-bin/ds_mark.prl?PidBox=LW1194,LW1194,202,,,,RI,PROVIDENCE,CHEPACHET (2018),41 53 31.82   (N),071 40 14.19   (W),41.8921722222,-71.6706083333,,NAD 83,(1986),,HD_HELD1,161.212,NAVD 88,,ADJUSTED,-29.626,GEOID18,161.156,980274.0,,,,,,,,2,0,,,,RI,89845.9,85841.2,,,,,,,,C,UNK,20220909,GOOD,PROFLN,,DB = BENCH MARK DISK,7 = SET IN TOP OF CONCRETE MONUMENT,202
,20260103,http://www.ngs.noaa.gov/cgi-bin/ds_mark.prl?PidBox=LW1145,LW1145,21 M,,,,RI,WASHINGTON,HOPE VALLEY (2018),41 31 23.20   (N),071 44 32.89   (W),41.5231111111,-71.7424694444,,NAD 83,(1986),,HD_HELD1,59.060,NAVD 88,,ADJUSTED,-30.330,GEOID18,59.039,980265.8,,,,,,,,2,0,,,,RI,48869.7,79762.0,,,,,,,,C,1941,20010807,GOOD,USPSQD,Y,DB = BENCH MARK DISK,34 = SET IN THE FOOTINGS OF SMALL/MEDIUM STRUCTURES,195 21 M 1941
,20260103,http://www.ngs.noaa.gov/cgi-bin/ds_mark.prl?PidBox=LW1360,LW1360,220,,,,RI,KENT,CROMPTON (2018),41 39 36.     (N),071 36 10.     (W),41.6600000000,-71.6027777778,,NAD 83,(1986),,SCALED,80.925,NAVD 88,,ADJUSTED,-30.057,GEOID18,80.896,980270.2,,,,,,,,2,0,,,,RI,64050.,91440.,,,,,,,,C,UNK,1988,GOOD,USPSQD,,DD = SURVEY DISK,7 = SET IN TOP OF CONCRETE MONUMENT,220
,20260103,http://www.ngs.noaa.gov/cgi-bin/ds_mark.prl?PidBox=LW1402,LW1402,227,,,,RI,WASHINGTON,HOPE VALLEY (2018),41 35 43.     (N),071 38 50.     (W),41.5952777778,-71.6472222222,,NAD 83,(1986),,SCALED,158.991,NAVD 88,,ADJUSTED,-30.164,GEOID18,158.934,980265.5,,,,,,,,2,0,,,,RI,56870.,87730.,,,,,,,,C,UNK,19971001,MARK NOT FOUND,USPSQD,,DD = SURVEY DISK,7 = SET IN TOP OF CONCRETE MONUMENT,227
,20260103,http://www.ngs.noaa.gov/cgi-bin/ds_mark.prl?PidBox=LW1141,LW1141,236,,,,RI,WASHINGTON,HOPE VALLEY (2018),41 30 27.82   (N),071 42 57.51   (W),41.5077277778,-71.7159750000,,NAD 83,(1986),,HD_HELD1,25.437,NAVD 88,,ADJUSTED,-30.343,GEOID18,25.428,980268.1,,,,,,,,2,0,,,,RI,47155.3,81969.2,,,,,,,,B,UNK,20210812,MARK NOT FOUND,CTGS,Y,DD = SURVEY DISK,36 = SET IN A MASSIVE STRUCTURE,236
,20260103,http://www.ngs.noaa.gov/cgi-bin/ds_mark.prl?PidBox=LW0950,LW0950,243,,,,RI,WASHINGTON,ASHAWAY (2018),41 26 05.3    (N),071 47 07.6    (W),41.4348055556,-71.7854444444,,NAD 83,(1986),,HD_HELD2,27.050,NAVD 88,,ADJUSTED,-30.456,GEOID18,27.041,980269.8,,,,,,,,2,0,,,,RI,39073.,76143.,,,,,,,,C,UNK,20211109,GOOD,PROFLN,,DB = BENCH MARK DISK,7 = SET IN TOP OF CONCRETE MONUMENT,243
,20260103,http://www.ngs.noaa.gov/cgi-bin/ds_mark.prl?PidBox=LW0948,LW0948,244,,,,RI,WASHINGTON,ASHAWAY (2018),41 25 12.0    (N),071 47 20.3    (W),41.4200000000,-71.7889722222,,NAD 83,(1986),,HD_HELD2,18.107,NAVD 88,,ADJUSTED,-30.478,GEOID18,18.100,980272.1,,,,,,,,2,0,,,,RI,37430.,75842.,,,,,,,,C,UNK,20211109,GOOD,PROFLN,,DD = SURVEY DISK,7 = SET IN TOP OF CONCRETE MONUMENT,244
,20260103,http://www.ngs.noaa.gov/cgi-bin/ds_mark.prl?PidBox=LW0947,LW0947,245,,,,RI,WASHINGTON,ASHAWAY (2018),41 24 26.     (N),071 47 44.     (W),41.4072222222,-71.7955555556,,NAD 83,(1986),,SCALED,11.668,NAVD 88,,ADJUSTED,-30.499,GEOID18,11.664,980274.0,,,,,,,,2,0,,,,RI,36010.,75290.,,,,,,,,C,UNK,20211109,MARK NOT FOUND,PROFLN,,DD = SURVEY DISK,7 = SET IN TOP OF CONCRETE MONUMENT,245
,20260103,http://www.ngs.noaa.gov/cgi-bin/ds_mark.prl?PidBox=LW0946,LW0946,246,,,,RI,WASHINGTON,ASHAWAY (2018),41 24 06.     (N),071 47 56.     (W),41.4016666667,-71.7988888889,,NAD 83,(1986),,SCALED,11.314,NAVD 88,,ADJUSTED,-30.508,GEOID18,11.310,980274.8,,,,,,,,2,0,,,,RI,35400.,75010.,,,,,,,,A,UNK,1990,GOOD,USPSQD,,DD = SURVEY DISK,66 = SET IN ROCK OUTCROP,246
,20260103,http://www.ngs.noaa.gov/cgi-bin/ds_mark.prl?PidBox=LW1426,LW1426,250,,,,RI,KENT,CROMPTON (2018),41 42 00.     (N),071 34 49.     (W),41.7000000000,-71.5802777778,,NAD 83,(1986),,SCALED,74.700,NAVD 88,,ADJUSTED,-29.970,GEOID18,74.674,980278.3,,,,,,,,2,0,,,,RI,68490.,93320.,,,,,,,,C,UNK,1989,GOOD,USPSQD,,DD = SURVEY DISK,7 = SET IN TOP OF CONCRETE MONUMENT,250
,20260103,http://www.ngs.noaa.gov/cgi-bin/ds_mark.prl?PidBox=LW1423,LW1423,252,,,,RI,KENT,CROMPTON (2018),41 42 16.93   (N),071 37 09.90   (W),41.7047027778,-71.6194166667,,NAD 83,(1986),,HD_HELD1,79.210,NAVD 88,,ADJUSTED,-29.971,GEOID18,79.183,980280.1,,,,,,,,2,0,,,,RI,69016.7,90060.7,,,,,,,,C,UNK,1987,SEE DESCRIPTION,USPSQD,,DD = SURVEY DISK,7 = SET IN TOP OF CONCRETE MONUMENT,252
,20260103,http://www.ngs.noaa.gov/cgi-bin/ds_mark.prl?PidBox=LW1413,LW1413,255,,,,RI,KENT,COVENTRY CENTER (2018),41 42 20.     (N),071 39 59.     (W),41.7055555556,-71.6663888889,,NAD 83,(1986),,SCALED,131.506,NAVD 88,,ADJUSTED,-29.983,GEOID18,,,,,,,,,,2,0,,,,RI,69120.,86150.,,,,,,,,C,UNK,1989,MARK NOT FOUND,USPSQD,,DD = SURVEY DISK,7 = SET IN TOP OF CONCRETE MONUMENT,255
,20260103,http://www.ngs.noaa.gov/cgi-bin/ds_mark.prl?PidBox=LW1414,LW1414,255 RESET,,,,RI,KENT,COVENTRY CENTER (2018),41 42 20.     (N),071 39 59.     (W),41.7055555556,-71.6663888889,,NAD 83,(1986),,SCALED,129.91,NAVD 88,,VERTCON3,-29.983,GEOID18,,980272.7,,,,,,,,,,,,,RI,69120.,86150.,,,,,,,,C,1974,1974,MONUMENTED,NGS,,DV = VERTICAL CONTROL DISK,80 = SET IN A BOULDER,255 RIBPR RESET 1974
,20260103,http://www.ngs.noaa.gov/cgi-bin/ds_mark.prl?PidBox=LW1412,LW1412,256 RESET,,,,RI,KENT,COVENTRY CENTER (2018),41 42 03.     (N),071 40 59.     (W),41.7008333333,-71.6830555556,,NAD 83,(1986),,SCALED,127.42,NAVD 88,,VERTCON3,-29.996,GEOID18,,980268.4,,,,,,,,,,,,,RI,68600.,84760.,,,,,,,,C,1974,1974,MONUMENTED,NGS,,DV = VERTICAL CONTROL DISK,80 = SET IN A BOULDER,256 RIBPR RESET 1974
,20260103,http://www.ngs.noaa.gov/cgi-bin/ds_mark.prl?PidBox=LW1052,LW1052,258,,,,RI,KENT,COVENTRY CENTER (2018),41 41 33.     (N),071 42 48.     (W),41.6925000000,-71.7133333333,,NAD 83,(1986),,SCALED,138.755,NAVD 88,,ADJUSTED,-30.024,GEOID18,138.705,980263.1,,,,,,,,2,0,,,,RI,67680.,82240.,,,,,,,,C,UNK,1988,GOOD,USPSQD,,DD = SURVEY DISK,7 = SET IN TOP OF CONCRETE MONUMENT,258
,20260103,http://www.ngs.noaa.gov/cgi-bin/ds_mark.prl?PidBox=LW1051,LW1051,259,,,,RI,KENT,COVENTRY CENTER (2018),41 41 34.     (N),071 43 49.     (W),41.6927777778,-71.7302777778,,NAD 83,(1986),,SCALED,151.829,NAVD 88,,ADJUSTED,-30.036,GEOID18,151.775,980262.3,,,,,,,,2,0,,,,RI,67710.,80830.,,,,,,,,C,UNK,1988,MARK NOT FOUND,USPSQD,,DD = SURVEY DISK,80 = SET IN A BOULDER,259
,20260103,http://www.ngs.noaa.gov/cgi-bin/ds_mark.prl?PidBox=LW1246,LW1246,26 M,,,,RI,PROVIDENCE,EAST KILLINGLY (2018),41 52 21.     (N),071 45 57.     (W),41.8725000000,-71.7658333333,,NAD 83,(1986),,SCALED,236.109,NAVD 88,,ADJUSTED,-29.675,GEOID18,236.024,980257.5,,,,,,,,2,0,,,,RI,87680.,77930.,,,,,,,,C,1942,1969,GOOD,CGS,,DD = SURVEY DISK,80 = SET IN A BOULDER,26 M 1942
,20260103,http://www.ngs.noaa.gov/cgi-bin/ds_mark.prl?PidBox=LW1143,LW1143,263,,,,RI,WASHINGTON,HOPE VALLEY (2018),41 31 06.     (N),071 43 45.     (W),41.5183333333,-71.7291666667,,NAD 83,(1986),,SCALED,44.471,NAVD 88,,ADJUSTED,-30.333,GEOID18,44.455,980267.1,,,,,,,,2,0,,,,RI,48340.,80870.,,,,,,,,C,UNK,20220322,MARK NOT FOUND,PROFLN,,DB = BENCH MARK DISK,7 = SET IN TOP OF CONCRETE MONUMENT,263
,20260103,http://www.ngs.noaa.gov/cgi-bin/ds_mark.prl?PidBox=LW1146,LW1146,264,,,,RI,WASHINGTON,HOPE VALLEY (2018),41 31 19.     (N),071 44 48.     (W),41.5219444444,-71.7466666667,,NAD 83,(1986),,SCALED,65.299,NAVD 88,,ADJUSTED,-30.332,GEOID18,65.276,980265.4,,,,,,,,2,0,,,,RI,48740.,79410.,,,,,,,,C,UNK,20220322,MARK NOT FOUND,PROFLN,,DB = BENCH MARK DISK,7 = SET IN TOP OF CONCRETE MONUMENT,264
,20260103,http://www.ngs.noaa.gov/cgi-bin/ds_mark.prl?PidBox=LW0138,LW0138,267,,,,RI,KENT,PROVIDENCE (2018),41 45 41.     (N),071 25 30.     (W),41.7613888889,-71.4250000000,,NAD 83,(1986),,SCALED,6.198,NAVD 88,,ADJUSTED,-29.700,GEOID18,6.196,980304.5,,,,,,,,1,1,,,,RI,75310.,106240.,,,,,,,,B,UNK,20140321,GOOD,INDIV,Y,DD = SURVEY DISK,36 = SET IN A MASSIVE STRUCTURE,267
,20260103,http://www.ngs.noaa.gov/cgi-bin/ds_mark.prl?PidBox=LW0136,LW0136,268,,,,RI,KENT,EAST GREENWICH (2018),41 44 52.     (N),071 25 26.     (W),41.7477777778,-71.4238888889,,NAD 83,(1986),,SCALED,16.657,NAVD 88,,ADJUSTED,-29.735,GEOID18,16.651,980302.3,,,,,,,,1,1,,,,RI,73800.,106330.,,,,,,,,C,UNK,1965,GOOD,CGS,,DD = SURVEY DISK,7 = SET IN TOP OF CONCRETE MONUMENT,268
,20260103,http://www.ngs.noaa.gov/cgi-bin/ds_mark.prl?PidBox=LW0133,LW0133,269,,,,RI,KENT,EAST GREENWICH (2018),41 44 19.     (N),071 26 00.     (W),41.7386111111,-71.4333333333,,NAD 83,(1986),,SCALED,17.652,NAVD 88,,ADJUSTED,-29.769,GEOID18,17.646,980299.4,,,,,,,,1,1,,,,RI,72780.,105550.,,,,,,,,C,UNK,20050422,MARK NOT FOUND,USPSQD,,DD = SURVEY DISK,7 = SET IN TOP OF CONCRETE MONUMENT,269
,20260103,http://www.ngs.noaa.gov/cgi-bin/ds_mark.prl?PidBox=LW0120,LW0120,273,,,,RI,KENT,EAST GREENWICH (2018),41 41 55.     (N),071 27 36.     (W),41.6986111111,-71.4600000000,,NAD 83,(1986),,SCALED,5.814,NAVD 88,,ADJUSTED,-29.890,GEOID18,5.812,980289.9,,,,,,,,1,1,,,,RI,68330.,103330.,,,,,,,,C,UNK,20050421,MARK NOT FOUND,USPSQD,,DD = SURVEY DISK,7 = SET IN TOP OF CONCRETE MONUMENT,273
,20260103,http://www.ngs.noaa.gov/cgi-bin/ds_mark.prl?PidBox=LW0114,LW0114,276,,,,RI,KENT,EAST GREENWICH (2018),41 39 51.01   (N),071 27 00.80   (W),41.6641694444,-71.4502222222,,NAD 83,(1986),,HD_HELD1,18.221,NAVD 88,,ADJUSTED,-29.940,GEOID18,18.215,980288.7,,,,,,,,1,1,,,,RI,64509.1,104145.7,,,,,,,,C,UNK,20190721,GOOD,BASE9,Y,DD = SURVEY DISK,7 = SET IN TOP OF CONCRETE MONUMENT,276
,20260103,http://www.ngs.noaa.gov/cgi-bin/ds_mark.prl?PidBox=LW0112,LW0112,277,,,,RI,KENT,EAST GREENWICH (2018),41 39 16.     (N),071 27 15.     (W),41.6544444444,-71.4541666667,,NAD 83,(1986),,SCALED,19.109,NAVD 88,,ADJUSTED,-29.959,GEOID18,19.103,980287.7,,,,,,,,1,1,,,,RI,63430.,103820.,,,,,,,,C,UNK,1967,GOOD,CGS,,DD = SURVEY DISK,7 = SET IN TOP OF CONCRETE MONUMENT,277
,20260103,http://www.ngs.noaa.gov/cgi-bin/ds_mark.prl?PidBox=LW0374,LW0374,290,,,,RI,WASHINGTON,WICKFORD (2018),41 31 18.5    (N),071 27 47.0    (W),41.5218055556,-71.4630555556,,NAD 83,(1986),,HD_HELD2,42.350,NAVD 88,,ADJUSTED,-30.143,GEOID18,42.336,980286.4,,,,,,,,2,0,,,,RI,48697.,103084.,,,,,,,,C,UNK,20211113,GOOD,PROFLN,N,DB = BENCH MARK DISK,7 = SET IN TOP OF CONCRETE MONUMENT,290
,20260103,http://www.ngs.noaa.gov/cgi-bin/ds_mark.prl?PidBox=LW5646,LW5646,299,,,,RI,WASHINGTON,KINGSTON (2018),41 25 59.     (N),071 31 00.     (W),41.4330555556,-71.5166666667,,NAD 83,(1986),,SCALED,29.978,NAVD 88,,ADJUSTED,-30.312,GEOID18,29.967,980277.5,,,,,,,,2,2,,,,RI,38840.,98610.,,,,,,,,D,1940,19860606,GOOD,RIGS,,DB = BENCH MARK DISK,9 = POST (STONE OR PRECAST CONCRETE),299
,20260103,http://www.ngs.noaa.gov/cgi-bin/ds_mark.prl?PidBox=AI5539,AI5539,2B4 A,,,PACS,RI,NEWPORT,PRUDENCE ISLAND (2018),41 32 02.03428(N),071 16 52.90713(W),41.5338984111,-71.2813630917,19.006,NAD 83,(2011),2010.00,ADJUSTED,48.89,NAVD 88,,GPS OBS,-29.883,GEOID18,,,1.71,1.76,0.46,0.83,0.90,-0.08744293,,,,1534483.098,-4528583.995,4207003.858,RI,50062.473,118245.713,+0 08 41.9,0.99999487,19,4600540.614,309684.277,-1 30 47.3,1.00004575,B,1999,1999,MONUMENTED,WOOLPT,Y,I = METAL ROD,59 = STAINLESS STEEL ROD IN SLEEVE (10 FT.+),2B4 A 1999
,20260103,http://www.ngs.noaa.gov/cgi-bin/ds_mark.prl?PidBox=AI5540,AI5540,2B4 B,,,SACS,RI,NEWPORT,PRUDENCE ISLAND (2018),41 32 12.92515(N),071 17 04.71043(W),41.5369236528,-71.2846417861,16.257,NAD 83,(2011),2010.00,NO CHECK,46.14,NAVD 88,,GPS OBS,-29.882,GEOID18,,,1.76,1.78,0.49,0.85,0.91,-0.10078776,,,,1534151.804,-4528458.834,4207253.545,RI,50397.780,117971.261,+0 08 34.1,0.99999517,19,4600883.739,309419.630,-1 30 55.5,1.00004699,C,1999,1999,MONUMENTED,WOOLPT,Y,DH = HORIZONTAL CONTROL DISK,7 = SET IN TOP OF CONCRETE MONUMENT,2B4 B 1999
,20260103,http://www.ngs.noaa.gov/cgi-bin/ds_mark.prl?PidBox=AI5541,AI5541,2B4 C,,,SACS,RI,NEWPORT,PRUDENCE ISLAND (2018),41 31 49.66945(N),071 16 49.78323(W),41.5304637361,-71.2804953417,17.569,NAD 83,(2011),2010.00,NO CHECK,47.46,NAVD 88,,GPS OBS,-29.887,GEOID18,,,1.73,1.86,0.50,0.83,0.95,-0.06993726,,,,1534632.512,-4528799.286,4206717.343,RI,49681.189,118319.097,+0 08 43.9,0.99999512,19,4600157.348,309746.602,-1 30 44.9,1.00004546,C,1999,1999,MONUMENTED,WOOLPT,Y,DH = HORIZONTAL CONTROL DISK,7 = SET IN TOP OF CONCRETE MONUMENT,2B4 C 1999
,20260103,http://www.ngs.noaa.gov/cgi-bin/ds_mark.prl?PidBox=LW3133,LW3133,3 A,,,,RI,WASHINGTON,BLOCK ISLAND (2018),41 09 30.91114(N),071 32 54.77708(W),41.1585864278,-71.5485491889,,NAD 83,(1996),,ADJUSTED,42.051,LMSL,,ADJ UNCH,-30.773,GEOID18,,,,,,,,,2,2,0,,,,RI,8358.410,95925.137,-0 01 55.0,0.99999218,19,4559492.943,286168.111,-1 40 40.6,1.00016277,C,1943,19900604,GOOD,RIGS,N,DD = SURVEY DISK,7 = SET IN TOP OF CONCRETE MONUMENT,USE 1943
,20260103,http://www.ngs.noaa.gov/cgi-bin/ds_mark.prl?PidBox=LW0248,LW0248,3 B USE,,,,RI,NEWPORT,PRUDENCE ISLAND (2018),41 35 31.     (N),071 17 03.     (W),41.5919444444,-71.2841666667,,NAD 83,(1986),,SCALED,4.009,NAVD 88,,ADJUSTED,-29.806,GEOID18,4.007,980298.6,,,,,,,,2,0,,,,RI,56510.,118000.,,,,,,,,B,UNK,20051026,MARK NOT FOUND,USPSQD,,B = BOLT,36 = SET IN A MASSIVE STRUCTURE,
,20260103,http://www.ngs.noaa.gov/cgi-bin/ds_mark.prl?PidBox=LW0818,LW0818,3 M,,,,RI,WASHINGTON,WATCH HILL (2018),41 20 30.5    (N),071 46 06.0    (W),41.3418055556,-71.7683333333,,NAD 83,(1986),,HD_HELD2,9.158,NAVD 88,,ADJUSTED,-30.605,GEOID18,9.155,980275.5,,,,,,,,2,0,,,,RI,28740.,77541.,,,,,,,,A,1941,20180422,GOOD,PROFLN,N,DB = BENCH MARK DISK,66 = SET IN ROCK OUTCROP,3 M 1941 31
,20260103,http://www.ngs.noaa.gov/cgi-bin/ds_mark.prl?PidBox=LW5634,LW5634,303,,,,RI,WASHINGTON,KINGSTON (2018),41 24 00.3    (N),071 33 42.5    (W),41.4000833333,-71.5618055556,,NAD 83,(1986),,HD_HELD2,26.308,NAVD 88,,ADJUSTED,-30.393,GEOID18,26.299,980278.1,,,,,,,,2,2,,,,RI,35179.,94832.,,,,,,,,C,1940,20090924,GOOD,GEOCAC,N,DB = BENCH MARK DISK,80 = SET IN A BOULDER,303
,20260103,http://www.ngs.noaa.gov/cgi-bin/ds_mark.prl?PidBox=LW5633,LW5633,304,,,,RI,WASHINGTON,KINGSTON (2018),41 24 02.     (N),071 34 53.     (W),41.4005555556,-71.5813888889,,NAD 83,(1986),,SCALED,42.268,NAVD 88,,ADJUSTED,-30.407,GEOID18,42.253,980277.9,,,,,,,,2,2,,,,RI,35230.,93190.,,,,,,,,C,UNK,19860606,GOOD,RIGS,,DB = BENCH MARK DISK,80 = SET IN A BOULDER,304
,20260103,http://www.ngs.noaa.gov/cgi-bin/ds_mark.prl?PidBox=LW0904,LW0904,306,,,,RI,WASHINGTON,KINGSTON (2018),41 23 31.2    (N),071 36 48.6    (W),41.3920000000,-71.6135000000,,NAD 83,(1986),,HD_HELD2,15.212,NAVD 88,,ADJUSTED,-30.446,GEOID18,15.207,980277.7,,,,,,,,2,0,,,,RI,34286.,90508.,,,,,,,,C,UNK,20180422,GOOD,PROFLN,,DB = BENCH MARK DISK,7 = SET IN TOP OF CONCRETE MONUMENT,306
,20260103,http://www.ngs.noaa.gov/cgi-bin/ds_mark.prl?PidBox=LW0988,LW0988,308,,,,RI,WASHINGTON,CAROLINA (2018),41 23 00.66   (N),071 38 34.38   (W),41.3835166667,-71.6428833333,,NAD 83,(1986),,HD_HELD1,6.175,NAVD 88,,ADJUSTED,-30.481,GEOID18,6.172,980276.9,,,,,,,,2,0,,,,RI,33347.5,88048.5,,,,,,,,C,UNK,20180422,GOOD,PROFLN,Y,DB = BENCH MARK DISK,7 = SET IN TOP OF CONCRETE MONUMENT,308
,20260103,http://www.ngs.noaa.gov/cgi-bin/ds_mark.prl?PidBox=LW0383,LW0383,31,,,,RI,PROVIDENCE,PAWTUCKET (2018),41 52 46.     (N),071 26 08.     (W),41.8794444444,-71.4355555556,,NAD 83,(1986),,SCALED,63.934,NAVD 88,,ADJUSTED,-29.392,GEOID18,63.915,980320.8,,,,,,,,2,0,,,,RI,88420.,105350.,,,,,,,,A,UNK,1969,GOOD,CGS,,DB = BENCH MARK DISK,66 = SET IN ROCK OUTCROP,31
,20260103,http://www.ngs.noaa.gov/cgi-bin/ds_mark.prl?PidBox=LW0997,LW0997,318,,,,RI,WASHINGTON,WATCH HILL (2018),41 21 15.9    (N),071 47 44.7    (W),41.3544166667,-71.7957500000,,NAD 83,(1986),,HD_HELD2,15.374,NAVD 88,,ADJUSTED,-30.590,GEOID18,15.369,980276.2,,,,,,,,2,0,,,,RI,30148.,75251.,,,,,,,,C,UNK,20180421,GOOD,PROFLN,N,DB = BENCH MARK DISK,7 = SET IN TOP OF CONCRETE MONUMENT,318
,20260103,http://www.ngs.noaa.gov/cgi-bin/ds_mark.prl?PidBox=LW1390,LW1390,332,,,,RI,WASHINGTON,SLOCUM (2018),41 34 35.     (N),071 31 40.     (W),41.5763888889,-71.5277777778,,NAD 83,(1986),,SCALED,65.421,NAVD 88,,ADJUSTED,-30.125,GEOID18,65.398,980273.5,,,,,,,,2,0,,,,RI,54760.,97680.,,,,,,,,C,UNK,20051016,GOOD,USPSQD,Y,DB = BENCH MARK DISK,7 = SET IN TOP OF CONCRETE MONUMENT,332
,20260103,http://www.ngs.noaa.gov/cgi-bin/ds_mark.prl?PidBox=LW1391,LW1391,333,,,,RI,WASHINGTON,SLOCUM (2018),41 34 39.82   (N),071 32 45.76   (W),41.5777277778,-71.5460444444,,NAD 83,(1986),,HD_HELD1,65.851,NAVD 88,,ADJUSTED,-30.136,GEOID18,65.828,980271.3,,,,,,,,2,0,,,,RI,54908.3,96160.1,,,,,,,,C,UNK,20051016,GOOD,USPSQD,N,DB = BENCH MARK DISK,80 = SET IN A BOULDER,333
,20260103,http://www.ngs.noaa.gov/cgi-bin/ds_mark.prl?PidBox=LW1393,LW1393,334,,,,RI,WASHINGTON,SLOCUM (2018),41 34 49.     (N),071 33 48.     (W),41.5802777778,-71.5633333333,,NAD 83,(1986),,SCALED,76.234,NAVD 88,,ADJUSTED,-30.144,GEOID18,76.207,980269.7,,,,,,,,2,0,,,,RI,55190.,94720.,,,,,,,,C,UNK,19971001,GOOD,USPSQD,,DB = BENCH MARK DISK,7 = SET IN TOP OF CONCRETE MONUMENT,334
,20260103,http://www.ngs.noaa.gov/cgi-bin/ds_mark.prl?PidBox=LW1394,LW1394,335,,,,RI,WASHINGTON,SLOCUM (2018),41 34 46.     (N),071 34 44.     (W),41.5794444444,-71.5788888889,,NAD 83,(1986),,SCALED,89.124,NAVD 88,,ADJUSTED,-30.154,GEOID18,89.092,980268.8,,,,,,,,2,0,,,,RI,55100.,93420.,,,,,,,,C,UNK,19971001,GOOD,USPSQD,,DB = BENCH MARK DISK,80 = SET IN A BOULDER,335
,20260103,http://www.ngs.noaa.gov/cgi-bin/ds_mark.prl?PidBox=LW1398,LW1398,336,,,,RI,WASHINGTON,SLOCUM (2018),41 34 46.     (N),071 35 50.     (W),41.5794444444,-71.5972222222,,NAD 83,(1986),,SCALED,105.430,NAVD 88,,ADJUSTED,-30.162,GEOID18,105.393,980268.0,,,,,,,,2,0,,,,RI,55100.,91890.,,,,,,,,A,UNK,19971001,GOOD,USPSQD,,DB = BENCH MARK DISK,66 = SET IN ROCK OUTCROP,336
,20260103,http://www.ngs.noaa.gov/cgi-bin/ds_mark.prl?PidBox=LW1399,LW1399,337,,,,RI,WASHINGTON,SLOCUM (2018),41 35 01.47   (N),071 36 58.29   (W),41.5837416667,-71.6161916667,,NAD 83,(1986),,HD_HELD1,130.044,NAVD 88,,ADJUSTED,-30.165,GEOID18,129.998,980267.2,,,,,,,,2,0,,,,RI,55581.7,90311.0,,,,,,,,A,UNK,19971001,GOOD,USPSQD,,DB = BENCH MARK DISK,66 = SET IN ROCK OUTCROP,337
,20260103,http://www.ngs.noaa.gov/cgi-bin/ds_mark.prl?PidBox=LW1400,LW1400,338,,,,RI,WASHINGTON,HOPE VALLEY (2018),41 35 20.64   (N),071 37 49.99   (W),41.5890666667,-71.6305527778,,NAD 83,(1986),,HD_HELD1,108.536,NAVD 88,,ADJUSTED,-30.166,GEOID18,108.498,980266.4,,,,,,,,2,0,,,,RI,56174.8,89114.4,,,,,,,,A,UNK,19971001,GOOD,USPSQD,,DB = BENCH MARK DISK,66 = SET IN ROCK OUTCROP,338
,20260103,http://www.ngs.noaa.gov/cgi-bin/ds_mark.prl?PidBox=LW1169,LW1169,339,,,,RI,KENT,HOPE VALLEY (2018),41 36 31.     (N),071 39 46.     (W),41.6086111111,-71.6627777778,,NAD 83,(1986),,SCALED,136.515,NAVD 88,,ADJUSTED,-30.152,GEOID18,136.466,980263.6,,,,,,,,1,2,,,,RI,58350.,86430.,,,,,,,,D,UNK,20220322,MARK NOT FOUND,PROFLN,,DD = SURVEY DISK,9 = POST (STONE OR PRECAST CONCRETE),339
,20260103,http://www.ngs.noaa.gov/cgi-bin/ds_mark.prl?PidBox=LW1650,LW1650,341 RESET,,,,RI,KENT,COVENTRY CENTER (2018),41 37 53.     (N),071 41 01.     (W),41.6313888889,-71.6836111111,,NAD 83,(1986),,SCALED,156.416,NAVD 88,,ADJUSTED,-30.124,GEOID18,156.359,980258.4,,,,,,,,1,2,,,,RI,60880.,84700.,,,,,,,,A,1984,20220322,MARK NOT FOUND,PROFLN,,DB = BENCH MARK DISK,66 = SET IN ROCK OUTCROP,341 RIBPR RESET 1984
,20260103,http://www.ngs.noaa.gov/cgi-bin/ds_mark.prl?PidBox=LW1171,LW1171,341 RIBPR,,,,RI,KENT,COVENTRY CENTER (2018),41 37 53.43   (N),071 41 01.69   (W),41.6315083333,-71.6838027778,,NAD 83,(1986),,HD_HELD1,153.953,NAVD 88,,ADJUSTED,-30.124,GEOID18,153.897,980258.4,,,,,,,,1,2,,,,RI,60896.7,84684.4,,,,,,,,A,UNK,1989,GOOD,USPSQD,,DD = SURVEY DISK,66 = SET IN ROCK OUTCROP,341
,20260103,http://www.ngs.noaa.gov/cgi-bin/ds_mark.prl?PidBox=LW1651,LW1651,342 RESET,,,,RI,KENT,COVENTRY CENTER (2018),41 38 38.75127(N),071 41 29.30703(W),41.6440975750,-71.6914741750,131.132,NAD 83,(2011),2010.00,ADJUSTED,161.276,NAVD 88,,ADJUSTED,-30.103,GEOID18,161.217,980255.0,7.24,12.68,3.39,2.25,6.47,0.22163799,,1,2,1499503.636,-4531817.947,4216232.481,RI,62296.330,84048.226,-0 07 38.0,0.99997631,19,4613761.794,275850.991,-1 47 21.2,1.00021833,C,1984,20220322,GOOD,PROFLN,Y,DV = VERTICAL CONTROL DISK,80 = SET IN A BOULDER,342 RIBPR RESET 1984
,20260103,http://www.ngs.noaa.gov/cgi-bin/ds_mark.prl?PidBox=LW1172,LW1172,342 RIBPR,,,,RI,KENT,COVENTRY CENTER (2018),41 38 39.76   (N),071 41 29.56   (W),41.6443777778,-71.6915444444,,NAD 83,(1986),,HD_HELD1,160.537,NAVD 88,,ADJUSTED,-30.103,GEOID18,160.479,980255.0,,,,,,,,1,2,,,,RI,62327.5,84042.4,,,,,,,,C,UNK,1989,MARK NOT FOUND,USPSQD,,DD = SURVEY DISK,7 = SET IN TOP OF CONCRETE MONUMENT,342
,20260103,http://www.ngs.noaa.gov/cgi-bin/ds_mark.prl?PidBox=LW1175,LW1175,343,,,,RI,KENT,COVENTRY CENTER (2018),41 39 25.28201(N),071 41 42.33396(W),41.6570227806,-71.6950927667,,NAD 83,(1996),,ADJUSTED,180.099,NAVD 88,,ADJUSTED,-30.080,GEOID18,180.034,980257.7,,,,,,,2,1,2,,,,RI,63732.555,83750.008,-0 07 46.8,0.99997347,19,4615206.386,275594.503,-1 47 31.5,1.00021974,D,1969,19900331,GOOD,USPSQD,,DD = SURVEY DISK,9 = POST (STONE OR PRECAST CONCRETE),343
,20260103,http://www.ngs.noaa.gov/cgi-bin/ds_mark.prl?PidBox=LW1178,LW1178,344,,,,RI,KENT,COVENTRY CENTER (2018),41 40 08.87   (N),071 41 42.58   (W),41.6691305556,-71.6951611111,,NAD 83,(1986),,HD_HELD1,170.337,NAVD 88,,ADJUSTED,-30.056,GEOID18,170.276,980260.5,,,,,,,,1,2,,,,RI,65077.3,83747.4,,,,,,,,D,UNK,20220322,GOOD,PROFLN,,DD = SURVEY DISK,9 = POST (STONE OR PRECAST CONCRETE),344
,20260103,http://www.ngs.noaa.gov/cgi-bin/ds_mark.prl?PidBox=LW1087,LW1087,346,,,,RI,KENT,COVENTRY CENTER (2018),41 41 56.90   (N),071 41 38.82   (W),41.6991388889,-71.6941166667,,NAD 83,(1986),,HD_HELD1,158.481,NAVD 88,,ADJUSTED,-30.001,GEOID18,158.425,980266.3,,,,,,,,1,2,,,,RI,68410.1,83841.8,,,,,,,,D,UNK,20220322,MARK NOT FOUND,PROFLN,,DD = SURVEY DISK,9 = POST (STONE OR PRECAST CONCRETE),346
,20260103,http://www.ngs.noaa.gov/cgi-bin/ds_mark.prl?PidBox=LW1089,LW1089,347,,,,RI,KENT,COVENTRY CENTER (2018),41 42 42.18   (N),071 41 59.66   (W),41.7117166667,-71.6999055556,,NAD 83,(1986),,HD_HELD1,164.500,NAVD 88,,ADJUSTED,-29.979,GEOID18,164.442,980267.1,,,,,,,,1,2,,,,RI,69808.1,83363.2,,,,,,,,D,1958,20220322,GOOD,PROFLN,,DD = SURVEY DISK,9 = POST (STONE OR PRECAST CONCRETE),347
,20260103,http://www.ngs.noaa.gov/cgi-bin/ds_mark.prl?PidBox=LW1091,LW1091,348,,,,RI,KENT,COVENTRY CENTER (2018),41 43 36.     (N),071 42 02.     (W),41.7266666667,-71.7005555556,,NAD 83,(1986),,SCALED,142.831,NAVD 88,,ADJUSTED,-29.948,GEOID18,142.780,980268.5,,,,,,,,1,2,,,,RI,71470.,83310.,,,,,,,,C,1958,1989,MARK NOT FOUND,USPSQD,,DD = SURVEY DISK,7 = SET IN TOP OF CONCRETE MONUMENT,348
,20260103,http://www.ngs.noaa.gov/cgi-bin/ds_mark.prl?PidBox=LW1656,LW1656,348 RESET,,,,RI,PROVIDENCE,COVENTRY CENTER (2018),41 43 36.     (N),071 42 02.     (W),41.7266666667,-71.7005555556,,NAD 83,(1986),,SCALED,142.537,NAVD 88,,ADJUSTED,-29.948,GEOID18,142.486,980268.5,,,,,,,,1,2,,,,RI,71470.,83310.,,,,,,,,A,1984,20220322,MARK NOT FOUND,PROFLN,,DV = VERTICAL CONTROL DISK,66 = SET IN ROCK OUTCROP,348 RIBPR RESET 1984
,20260103,http://www.ngs.noaa.gov/cgi-bin/ds_mark.prl?PidBox=LW1019,LW1019,352,,,,RI,WASHINGTON,KINGSTON (2018),41 28 51.     (N),071 31 47.     (W),41.4808333333,-71.5297222222,,NAD 83,(1986),,SCALED,55.757,NAVD 88,,ADJUSTED,-30.253,GEOID18,55.737,980275.5,,,,,,,,2,0,,,,RI,44150.,97520.,,,,,,,,C,UNK,20141217,GOOD,INDIV,N,DB = BENCH MARK DISK,7 = SET IN TOP OF CONCRETE MONUMENT,352
,20260103,http://www.ngs.noaa.gov/cgi-bin/ds_mark.prl?PidBox=LW1021,LW1021,353,,,,RI,WASHINGTON,KINGSTON (2018),41 28 54.     (N),071 32 50.     (W),41.4816666667,-71.5472222222,,NAD 83,(1986),,SCALED,32.570,NAVD 88,,ADJUSTED,-30.269,GEOID18,32.558,980275.1,,,,,,,,2,0,,,,RI,44240.,96060.,,,,,,,,C,UNK,20040417,GOOD,USPSQD,Y,DB = BENCH MARK DISK,7 = SET IN TOP OF CONCRETE MONUMENT,353
,20260103,http://www.ngs.noaa.gov/cgi-bin/ds_mark.prl?PidBox=LW1023,LW1023,354,,,,RI,WASHINGTON,KINGSTON (2018),41 29 15.     (N),071 33 58.     (W),41.4875000000,-71.5661111111,,NAD 83,(1986),,SCALED,33.490,NAVD 88,,ADJUSTED,-30.276,GEOID18,33.478,980274.4,,,,,,,,2,0,,,,RI,44890.,94480.,,,,,,,,C,UNK,20011010,POOR,USPSQD,,DB = BENCH MARK DISK,7 = SET IN TOP OF CONCRETE MONUMENT,354
,20260103,http://www.ngs.noaa.gov/cgi-bin/ds_mark.prl?PidBox=LW1024,LW1024,355,,,,RI,WASHINGTON,KINGSTON (2018),41 29 43.     (N),071 34 43.     (W),41.4952777778,-71.5786111111,,NAD 83,(1986),,SCALED,38.393,NAVD 88,,ADJUSTED,-30.275,GEOID18,38.379,980273.7,,,,,,,,2,0,,,,RI,45750.,93440.,,,,,,,,C,UNK,20060630,GOOD,USPSQD,Y,DB = BENCH MARK DISK,7 = SET IN TOP OF CONCRETE MONUMENT,355
,20260103,http://www.ngs.noaa.gov/cgi-bin/ds_mark.prl?PidBox=LW1403,LW1403,356,,,,RI,WASHINGTON,SLOCUM (2018),41 30 13.19   (N),071 35 45.21   (W),41.5036638889,-71.5958916667,,NAD 83,(1986),,HD_HELD1,35.921,NAVD 88,,ADJUSTED,-30.278,GEOID18,35.908,980272.3,,,,,,,,2,0,,,,RI,46685.9,91993.9,,,,,,,,C,UNK,19971001,MARK NOT FOUND,USPSQD,,DB = BENCH MARK DISK,7 = SET IN TOP OF CONCRETE MONUMENT,356
,20260103,http://www.ngs.noaa.gov/cgi-bin/ds_mark.prl?PidBox=LW1025,LW1025,357,,,,RI,WASHINGTON,KINGSTON (2018),41 29 51.     (N),071 36 43.     (W),41.4975000000,-71.6119444444,,NAD 83,(1986),,SCALED,47.221,NAVD 88,,ADJUSTED,-30.296,GEOID18,47.204,980272.9,,,,,,,,2,0,,,,RI,46000.,90650.,,,,,,,,A,UNK,20140621,GOOD,INDIV,N,DB = BENCH MARK DISK,66 = SET IN ROCK OUTCROP,357
,20260103,http://www.ngs.noaa.gov/cgi-bin/ds_mark.prl?PidBox=LW1026,LW1026,358,,,,RI,WASHINGTON,KINGSTON (2018),41 29 40.     (N),071 37 17.     (W),41.4944444444,-71.6213888889,,NAD 83,(1986),,SCALED,43.385,NAVD 88,,ADJUSTED,-30.306,GEOID18,43.370,980272.8,,,,,,,,2,0,,,,RI,45670.,89860.,,,,,,,,C,UNK,20060630,GOOD,USPSQD,Y,DB = BENCH MARK DISK,7 = SET IN TOP OF CONCRETE MONUMENT,358
,20260103,http://www.ngs.noaa.gov/cgi-bin/ds_mark.prl?PidBox=LW1028,LW1028,359,,,,RI,WASHINGTON,CAROLINA (2018),41 29 49.     (N),071 38 03.     (W),41.4969444444,-71.6341666667,,NAD 83,(1986),,SCALED,46.027,NAVD 88,,ADJUSTED,-30.311,GEOID18,46.011,980272.4,,,,,,,,2,0,,,,RI,45940.,88800.,,,,,,,,C,UNK,20060630,GOOD,USPSQD,Y,DB = BENCH MARK DISK,80 = SET IN A BOULDER,359
,20260103,http://www.ngs.noaa.gov/cgi-bin/ds_mark.prl?PidBox=LW1005,LW1005,361,,,,RI,WASHINGTON,CAROLINA (2018),41 23 48.     (N),071 38 19.     (W),41.3966666667,-71.6386111111,,NAD 83,(1986),,SCALED,29.659,NAVD 88,,ADJUSTED,-30.455,GEOID18,29.649,980276.8,,,,,,,,2,0,,,,RI,34810.,88410.,,,,,,,,C,UNK,1990,GOOD,USPSQD,,DB = BENCH MARK DISK,80 = SET IN A BOULDER,361
,20260103,http://www.ngs.noaa.gov/cgi-bin/ds_mark.prl?PidBox=LW1006,LW1006,362,,,,RI,WASHINGTON,CAROLINA (2018),41 24 41.     (N),071 38 44.     (W),41.4113888889,-71.6455555556,,NAD 83,(1986),,SCALED,30.880,NAVD 88,,ADJUSTED,-30.436,GEOID18,30.869,980276.2,,,,,,,,2,0,,,,RI,36440.,87830.,,,,,,,,C,UNK,1990,GOOD,USPSQD,,DB = BENCH MARK DISK,7 = SET IN TOP OF CONCRETE MONUMENT,362
,20260103,http://www.ngs.noaa.gov/cgi-bin/ds_mark.prl?PidBox=LW1007,LW1007,363,,,,RI,WASHINGTON,CAROLINA (2018),41 25 19.     (N),071 38 54.     (W),41.4219444444,-71.6483333333,,NAD 83,(1986),,SCALED,43.865,NAVD 88,,ADJUSTED,-30.422,GEOID18,43.849,980275.8,,,,,,,,2,0,,,,RI,37620.,87600.,,,,,,,,C,UNK,19980921,GOOD,USPSQD,,DB = BENCH MARK DISK,80 = SET IN A BOULDER,363
,20260103,http://www.ngs.noaa.gov/cgi-bin/ds_mark.prl?PidBox=LW1012,LW1012,364,,,,RI,WASHINGTON,CAROLINA (2018),41 26 09.     (N),071 38 23.     (W),41.4358333333,-71.6397222222,,NAD 83,(1986),,SCALED,33.265,NAVD 88,,ADJUSTED,-30.398,GEOID18,33.253,980275.7,,,,,,,,2,0,,,,RI,39160.,88320.,,,,,,,,A,UNK,19980921,MARK NOT FOUND,USPSQD,,DB = BENCH MARK DISK,66 = SET IN ROCK OUTCROP,364
,20260103,http://www.ngs.noaa.gov/cgi-bin/ds_mark.prl?PidBox=LW0777,LW0777,365,,,,RI,WASHINGTON,CAROLINA (2018),41 26 31.     (N),071 37 54.     (W),41.4419444444,-71.6316666667,,NAD 83,(1986),,SCALED,35.425,NAVD 88,,ADJUSTED,-30.385,GEOID18,35.412,980275.8,,,,,,,,1,1,,,,RI,39840.,89000.,,,,,,,,C,UNK,19980921,MARK NOT FOUND,USPSQD,,DB = BENCH MARK DISK,7 = SET IN TOP OF CONCRETE MONUMENT,365
,20260103,http://www.ngs.noaa.gov/cgi-bin/ds_mark.prl?PidBox=LW1030,LW1030,372,,,,RI,WASHINGTON,CAROLINA (2018),41 29 58.     (N),071 39 38.     (W),41.4994444444,-71.6605555556,,NAD 83,(1986),,SCALED,43.799,NAVD 88,,ADJUSTED,-30.324,GEOID18,43.784,980271.6,,,,,,,,2,0,,,,RI,46230.,86590.,,,,,,,,C,UNK,20060630,GOOD,USPSQD,Y,DB = BENCH MARK DISK,7 = SET IN TOP OF CONCRETE MONUMENT,372
,20260103,http://www.ngs.noaa.gov/cgi-bin/ds_mark.prl?PidBox=LW1407,LW1407,373,,,,RI,WASHINGTON,HOPE VALLEY (2018),41 30 17.     (N),071 40 47.     (W),41.5047222222,-71.6797222222,,NAD 83,(1986),,SCALED,41.315,NAVD 88,,ADJUSTED,-30.328,GEOID18,41.300,980269.6,,,,,,,,2,0,,,,RI,46820.,85000.,,,,,,,,C,UNK,20060703,GOOD,USPSQD,Y,DB = BENCH MARK DISK,80 = SET IN A BOULDER,373
,20260103,http://www.ngs.noaa.gov/cgi-bin/ds_mark.prl?PidBox=LW1409,LW1409,374,,,,RI,WASHINGTON,HOPE VALLEY (2018),41 30 44.     (N),071 41 28.     (W),41.5122222222,-71.6911111111,,NAD 83,(1986),,SCALED,39.303,NAVD 88,,ADJUSTED,-30.326,GEOID18,39.289,980269.1,,,,,,,,2,2,,,,RI,47650.,84050.,,,,,,,,C,UNK,20060703,GOOD,USPSQD,,DB = BENCH MARK DISK,80 = SET IN A BOULDER,374
,20260103,http://www.ngs.noaa.gov/cgi-bin/ds_mark.prl?PidBox=LW0771,LW0771,375,,,,RI,WASHINGTON,CAROLINA (2018),41 26 50.     (N),071 40 37.     (W),41.4472222222,-71.6769444444,,NAD 83,(1986),,SCALED,16.914,NAVD 88,,ADJUSTED,-30.405,GEOID18,16.908,980273.6,,,,,,,,1,1,,,,RI,40430.,85210.,,,,,,,,C,UNK,1990,GOOD,USPSQD,,DB = BENCH MARK DISK,7 = SET IN TOP OF CONCRETE MONUMENT,375
,20260103,http://www.ngs.noaa.gov/cgi-bin/ds_mark.prl?PidBox=LW0769,LW0769,376,,,,RI,WASHINGTON,CAROLINA (2018),41 26 17.     (N),071 41 23.     (W),41.4380555556,-71.6897222222,,NAD 83,(1986),,SCALED,17.788,NAVD 88,,ADJUSTED,-30.423,GEOID18,17.782,980273.4,,,,,,,,1,1,,,,RI,39410.,84140.,,,,,,,,C,UNK,1984,GOOD,USPSQD,,DB = BENCH MARK DISK,7 = SET IN TOP OF CONCRETE MONUMENT,376
,20260103,http://www.ngs.noaa.gov/cgi-bin/ds_mark.prl?PidBox=LW0754,LW0754,383,,,,RI,WASHINGTON,ASHAWAY (2018),41 23 04.     (N),071 47 34.     (W),41.3844444444,-71.7927777778,,NAD 83,(1986),,SCALED,10.935,NAVD 88,,ADJUSTED,-30.534,GEOID18,10.931,980275.7,,,,,,,,1,2,,,,RI,33480.,75510.,,,,,,,,A,UNK,1990,GOOD,USPSQD,,DB = BENCH MARK DISK,66 = SET IN ROCK OUTCROP,383
,20260103,http://www.ngs.noaa.gov/cgi-bin/ds_mark.prl?PidBox=LW0391,LW0391,39,,,,RI,PROVIDENCE,PAWTUCKET (2018),41 56 54.     (N),071 29 00.     (W),41.9483333333,-71.4833333333,,NAD 83,(1986),,SCALED,92.952,NAVD 88,,ADJUSTED,-29.319,GEOID18,92.923,980310.5,,,,,,,,2,0,,,,RI,96070.,101380.,,,,,,,,C,UNK,1969,GOOD,CGS,,DB = BENCH MARK DISK,7 = SET IN TOP OF CONCRETE MONUMENT,39
,20260103,http://www.ngs.noaa.gov/cgi-bin/ds_mark.prl?PidBox=LW0643,LW0643,396,,,,RI,WASHINGTON,NARRAGANSETT PIER (2018),41 29 32.     (N),071 26 17.     (W),41.4922222222,-71.4380555556,,NAD 83,(1986),,SCALED,30.593,NAVD 88,,ADJUSTED,-30.155,GEOID18,30.582,980283.0,,,,,,,,2,0,,,,RI,45410.,105170.,,,,,,,,C,UNK,20040806,POOR,USPSQD,,DB = BENCH MARK DISK,7 = SET IN TOP OF CONCRETE MONUMENT,396
,20260103,http://www.ngs.noaa.gov/cgi-bin/ds_mark.prl?PidBox=LW0644,LW0644,397,,,,RI,WASHINGTON,NARRAGANSETT PIER (2018),41 28 44.     (N),071 26 10.     (W),41.4788888889,-71.4361111111,,NAD 83,(1986),,SCALED,26.594,NAVD 88,,ADJUSTED,-30.172,GEOID18,26.585,980283.1,,,,,,,,2,0,,,,RI,43930.,105340.,,,,,,,,C,UNK,20040806,GOOD,USPSQD,Y,DB = BENCH MARK DISK,7 = SET IN TOP OF CONCRETE MONUMENT,397
,20260103,http://www.ngs.noaa.gov/cgi-bin/ds_mark.prl?PidBox=LW0648,LW0648,398,,,,RI,WASHINGTON,NARRAGANSETT PIER (2018),41 27 56.     (N),071 25 59.     (W),41.4655555556,-71.4330555556,,NAD 83,(1986),,SCALED,27.062,NAVD 88,,ADJUSTED,-30.187,GEOID18,27.052,980283.0,,,,,,,,2,0,,,,RI,42450.,105590.,,,,,,,,C,1943,1969,GOOD,CGS,,DB = BENCH MARK DISK,7 = SET IN TOP OF CONCRETE MONUMENT,398
,20260103,http://www.ngs.noaa.gov/cgi-bin/ds_mark.prl?PidBox=LW0649,LW0649,399,,,,RI,WASHINGTON,NARRAGANSETT PIER (2018),41 27 10.     (N),071 26 34.     (W),41.4527777778,-71.4427777778,,NAD 83,(1986),,SCALED,21.140,NAVD 88,,ADJUSTED,-30.220,GEOID18,21.133,980281.3,,,,,,,,2,0,,,,RI,41030.,104780.,,,,,,,,C,UNK,20150117,GOOD,INDIV,,DB = BENCH MARK DISK,7 = SET IN TOP OF CONCRETE MONUMENT,399
,20260103,http://www.ngs.noaa.gov/cgi-bin/ds_mark.prl?PidBox=LW0305,LW0305,4,,,,RI,PROVIDENCE,PAWTUCKET (2018),41 57 26.6    (N),071 24 03.3    (W),41.9573888889,-71.4009166667,,NAD 83,(1986),,HD_HELD2,75.499,NAVD 88,,ADJUSTED,-29.156,GEOID18,75.477,980323.0,,,,,,,,2,0,,,,RI,97080.,108215.,,,,,,,,C,UNK,20220324,GOOD,PROFLN,,DB = BENCH MARK DISK,7 = SET IN TOP OF CONCRETE MONUMENT,4
,20260103,http://www.ngs.noaa.gov/cgi-bin/ds_mark.prl?PidBox=LW0241,LW0241,4 B USE,,,,RI,NEWPORT,PRUDENCE ISLAND (2018),41 35 19.     (N),071 17 03.     (W),41.5886111111,-71.2841666667,,NAD 83,(1986),,SCALED,2.497,NAVD 88,,ADJUSTED,-29.811,GEOID18,2.496,980298.5,,,,,,,,2,0,,,,RI,56140.,118000.,,,,,,,,D,UNK,1969,MARK NOT FOUND,CGS,,B = BOLT,30 = SET IN A LIGHT STRUCTURE,
,20260103,http://www.ngs.noaa.gov/cgi-bin/ds_mark.prl?PidBox=LW0940,LW0940,4 C,,,,RI,WASHINGTON,BLOCK ISLAND (2018),41 12 51.18013(N),071 33 59.35156(W),41.2142167028,-71.5664865444,,NAD 83,(1996),,ADJUSTED,32.720,LMSL,,ADJ UNCH,-30.688,GEOID18,,,,,,,,,2,2,0,,,,RI,14537.527,94424.327,-0 02 37.7,0.99999381,19,4565713.712,284845.282,-1 41 29.9,1.00016975,C,1943,20180424,GOOD,PROFLN,,B = BOLT,7 = SET IN TOP OF CONCRETE MONUMENT,USED 1943
,20260103,http://www.ngs.noaa.gov/cgi-bin/ds_mark.prl?PidBox=LW3328,LW3328,4 EAST,,,,RI,WASHINGTON,WATCH HILL (2018),41 20 09.76304(N),071 50 05.73722(W),41.3360452889,-71.8349270056,,NAD 83,(1996),,ADJUSTED,1.,NAVD 88,,SCALED,-30.639,GEOID18,,,,,,,,,3,,,,,,RI,28119.620,71964.616,-0 13 16.4,1.00000811,19,4579940.163,262780.825,-1 52 23.8,1.00029260,D,1934,1954,GOOD,CGS,,DD = SURVEY DISK,9 = POST (STONE OR PRECAST CONCRETE),
,20260103,http://www.ngs.noaa.gov/cgi-bin/ds_mark.prl?PidBox=LW0993,LW0993,4 M,,,,RI,WASHINGTON,QUONOCHONTAUG (2018),41 21 06.3    (N),071 43 54.1    (W),41.3517500000,-71.7316944444,,NAD 83,(1986),,HD_HELD2,32.640,NAVD 88,,ADJUSTED,-30.571,GEOID18,32.629,980275.3,,,,,,,,2,0,,,,RI,29836.,80610.,,,,,,,,C,1941,20180422,GOOD,PROFLN,,DB = BENCH MARK DISK,80 = SET IN A BOULDER,4 M 1941 108
,20260103,http://www.ngs.noaa.gov/cgi-bin/ds_mark.prl?PidBox=LW0463,LW0463,406,,,,RI,KENT,EAST GREENWICH (2018),41 43 59.82   (N),071 24 24.48   (W),41.7332833333,-71.4068000000,,NAD 83,(1986),,HD_HELD1,13.460,NAVD 88,,ADJUSTED,-29.751,GEOID18,13.455,980302.4,,,,,,,,2,0,,,,RI,72188.4,107753.8,,,,,,,,C,UNK,1969,GOOD,CGS,,DD = SURVEY DISK,7 = SET IN TOP OF CONCRETE MONUMENT,406
,20260103,http://www.ngs.noaa.gov/cgi-bin/ds_mark.prl?PidBox=LW0462,LW0462,407,,,,RI,KENT,EAST GREENWICH (2018),41 43 36.     (N),071 23 17.     (W),41.7266666667,-71.3880555556,,NAD 83,(1986),,SCALED,9.578,NAVD 88,,ADJUSTED,-29.743,GEOID18,9.575,980303.6,,,,,,,,2,0,,,,RI,71460.,109310.,,,,,,,,C,UNK,1969,GOOD,CGS,,DD = SURVEY DISK,7 = SET IN TOP OF CONCRETE MONUMENT,407
,20260103,http://www.ngs.noaa.gov/cgi-bin/ds_mark.prl?PidBox=LW0459,LW0459,409,,,,RI,KENT,EAST GREENWICH (2018),41 42 17.     (N),071 23 02.     (W),41.7047222222,-71.3838888889,,NAD 83,(1986),,SCALED,2.859,NAVD 88,,ADJUSTED,-29.785,GEOID18,2.858,980300.9,,,,,,,,2,0,,,,RI,69020.,109660.,,,,,,,,C,UNK,20021001,GOOD,USPSQD,,DD = SURVEY DISK,7 = SET IN TOP OF CONCRETE MONUMENT,409
,20260103,http://www.ngs.noaa.gov/cgi-bin/ds_mark.prl?PidBox=LW1219,LW1219,41,,,,RI,PROVIDENCE,GEORGIAVILLE (2018),41 58 12.     (N),071 30 26.     (W),41.9700000000,-71.5072222222,,NAD 83,(1986),,SCALED,81.698,NAVD 88,,ADJUSTED,-29.323,GEOID18,81.672,980304.5,,,,,,,,2,0,,,,RI,98480.,99400.,,,,,,,,C,UNK,1988,MARK NOT FOUND,USPSQD,,DB = BENCH MARK DISK,80 = SET IN A BOULDER,41
,20260103,http://www.ngs.noaa.gov/cgi-bin/ds_mark.prl?PidBox=LW0458,LW0458,411,,,,RI,KENT,EAST GREENWICH (2018),41 42 04.     (N),071 23 55.     (W),41.7011111111,-71.3986111111,,NAD 83,(1986),,SCALED,7.525,NAVD 88,,ADJUSTED,-29.814,GEOID18,7.523,980298.7,,,,,,,,2,0,,,,RI,68620.,108440.,,,,,,,,C,UNK,20150625,GOOD,INDIV,Y,DD = SURVEY DISK,7 = SET IN TOP OF CONCRETE MONUMENT,411
,20260103,http://www.ngs.noaa.gov/cgi-bin/ds_mark.prl?PidBox=LW0453,LW0453,412,,,,RI,KENT,EAST GREENWICH (2018),41 42 16.     (N),071 25 10.     (W),41.7044444444,-71.4194444444,,NAD 83,(1986),,SCALED,8.185,NAVD 88,,ADJUSTED,-29.834,GEOID18,8.182,980296.5,,,,,,,,2,0,,,,RI,68980.,106710.,,,,,,,,C,UNK,1969,GOOD,CGS,,DD = SURVEY DISK,7 = SET IN TOP OF CONCRETE MONUMENT,412
,20260103,http://www.ngs.noaa.gov/cgi-bin/ds_mark.prl?PidBox=LW0158,LW0158,420 C OF P,,,,RI,PROVIDENCE,PROVIDENCE (2018),41 49 37.     (N),071 24 17.     (W),41.8269444444,-71.4047222222,,NAD 83,(1986),,SCALED,40.090,NAVD 88,,ADJUSTED,-29.493,GEOID18,40.078,980320.9,,,,,,,,1,1,,,,RI,82590.,107920.,,,,,,,,B,UNK,1965,GOOD,CGS,,Z = SEE DESCRIPTION,36 = SET IN A MASSIVE STRUCTURE,
,20260103,http://www.ngs.noaa.gov/cgi-bin/ds_mark.prl?PidBox=LW5295,LW5295,428,,,,RI,PROVIDENCE,EAST PROVIDENCE (2018),41 48 35.     (N),071 21 16.     (W),41.8097222222,-71.3544444444,,NAD 83,(1986),,SCALED,26.894,NAVD 88,,ADJUSTED,-29.481,GEOID18,26.885,980320.2,,,,,,,,2,2,,,,RI,80680.,112100.,,,,,,,,C,UNK,1987,GOOD,RIGS,,DB = BENCH MARK DISK,7 = SET IN TOP OF CONCRETE MONUMENT,428
,20260103,http://www.ngs.noaa.gov/cgi-bin/ds_mark.prl?PidBox=LW0548,LW0548,432,,,,RI,BRISTOL,EAST PROVIDENCE (2018),41 45 56.     (N),071 19 16.     (W),41.7655555556,-71.3211111111,,NAD 83,(1986),,SCALED,1.777,NAVD 88,,ADJUSTED,-29.557,GEOID18,1.776,980314.2,,,,,,,,2,0,,,,RI,75780.,114880.,,,,,,,,C,UNK,20010929,GOOD,USPSQD,,DD = SURVEY DISK,7 = SET IN TOP OF CONCRETE MONUMENT,432
,20260103,http://www.ngs.noaa.gov/cgi-bin/ds_mark.prl?PidBox=LW0549,LW0549,433,,,,RI,BRISTOL,EAST PROVIDENCE (2018),41 45 25.     (N),071 19 37.     (W),41.7569444444,-71.3269444444,,NAD 83,(1986),,SCALED,5.696,NAVD 88,,ADJUSTED,-29.586,GEOID18,5.694,980312.7,,,,,,,,2,0,,,,RI,74830.,114390.,,,,,,,,C,UNK,1969,GOOD,CGS,,DB = BENCH MARK DISK,7 = SET IN TOP OF CONCRETE MONUMENT,433
,20260103,http://www.ngs.noaa.gov/cgi-bin/ds_mark.prl?PidBox=LW0550,LW0550,434,,,,RI,BRISTOL,BRISTOL (2018),41 44 57.     (N),071 19 08.     (W),41.7491666667,-71.3188888889,,NAD 83,(1986),,SCALED,1.971,NAVD 88,,ADJUSTED,-29.592,GEOID18,1.971,980311.8,,,,,,,,2,0,,,,RI,73960.,115060.,,,,,,,,C,UNK,20010929,GOOD,USPSQD,,DD = SURVEY DISK,7 = SET IN TOP OF CONCRETE MONUMENT,434
,20260103,http://www.ngs.noaa.gov/cgi-bin/ds_mark.prl?PidBox=LW0551,LW0551,435,,,,RI,BRISTOL,BRISTOL (2018),41 44 34.     (N),071 18 45.     (W),41.7427777778,-71.3125000000,,NAD 83,(1986),,SCALED,12.160,NAVD 88,,ADJUSTED,-29.597,GEOID18,12.156,980311.1,,,,,,,,2,0,,,,RI,73260.,115600.,,,,,,,,C,UNK,1969,GOOD,CGS,,DD = SURVEY DISK,7 = SET IN TOP OF CONCRETE MONUMENT,435
,20260103,http://www.ngs.noaa.gov/cgi-bin/ds_mark.prl?PidBox=LW0552,LW0552,436,,,,RI,BRISTOL,BRISTOL (2018),41 44 08.     (N),071 18 12.     (W),41.7355555556,-71.3033333333,,NAD 83,(1986),,SCALED,4.942,NAVD 88,,ADJUSTED,-29.598,GEOID18,4.941,980310.3,,,,,,,,2,0,,,,RI,72460.,116360.,,,,,,,,C,UNK,20010929,POOR,USPSQD,,DD = SURVEY DISK,7 = SET IN TOP OF CONCRETE MONUMENT,436
,20260103,http://www.ngs.noaa.gov/cgi-bin/ds_mark.prl?PidBox=LW0553,LW0553,437,,,,RI,BRISTOL,BRISTOL (2018),41 44 13.     (N),071 17 40.     (W),41.7369444444,-71.2944444444,,NAD 83,(1986),,SCALED,2.312,NAVD 88,,ADJUSTED,-29.582,GEOID18,2.311,980310.6,,,,,,,,2,0,,,,RI,72610.,117100.,,,,,,,,C,UNK,1969,GOOD,CGS,,DD = SURVEY DISK,7 = SET IN TOP OF CONCRETE MONUMENT,437
,20260103,http://www.ngs.noaa.gov/cgi-bin/ds_mark.prl?PidBox=LW0555,LW0555,438,,,,RI,BRISTOL,BRISTOL (2018),41 43 51.     (N),071 16 57.     (W),41.7308333333,-71.2825000000,,NAD 83,(1986),,SCALED,9.516,NAVD 88,,ADJUSTED,-29.577,GEOID18,9.513,980309.8,,,,,,,,2,0,,,,RI,71940.,118100.,,,,,,,,C,UNK,20240618,GOOD,WSRR,N,DD = SURVEY DISK,7 = SET IN TOP OF CONCRETE MONUMENT,438
,20260103,http://www.ngs.noaa.gov/cgi-bin/ds_mark.prl?PidBox=LW0559,LW0559,439,,,,RI,BRISTOL,BRISTOL (2018),41 42 59.6    (N),071 16 51.2    (W),41.7165555556,-71.2808888889,,NAD 83,(1986),,HD_HELD2,11.822,NAVD 88,,ADJUSTED,-29.603,GEOID18,11.818,980308.0,,,,,,,,2,0,,,,RI,70349.,118234.,,,,,,,,C,UNK,20090418,GOOD,GEOCAC,N,DD = SURVEY DISK,7 = SET IN TOP OF CONCRETE MONUMENT,439
,20260103,http://www.ngs.noaa.gov/cgi-bin/ds_mark.prl?PidBox=LW1235,LW1235,44 M,,,,RI,PROVIDENCE,CHEPACHET (2018),41 55 16.01   (N),071 44 15.83   (W),41.9211138889,-71.7377305556,,NAD 83,(1986),,HD_HELD1,172.232,NAVD 88,,ADJUSTED,-29.572,GEOID18,172.171,980267.5,,,,,,,,2,0,,,,RI,93073.7,80279.7,,,,,,,,C,1941,19900825,GOOD,USPSQD,,DD = SURVEY DISK,34 = SET IN THE FOOTINGS OF SMALL/MEDIUM STRUCTURES,566 44 M 1941
,20260103,http://www.ngs.noaa.gov/cgi-bin/ds_mark.prl?PidBox=LW0561,LW0561,440,,,,RI,BRISTOL,BRISTOL (2018),41 42 08.     (N),071 16 48.     (W),41.7022222222,-71.2800000000,,NAD 83,(1986),,SCALED,34.882,NAVD 88,,ADJUSTED,-29.629,GEOID18,34.871,980306.1,,,,,,,,2,0,,,,RI,68760.,118310.,,,,,,,,C,UNK,20010929,GOOD,USPSQD,,DD = SURVEY DISK,7 = SET IN TOP OF CONCRETE MONUMENT,440
,20260103,http://www.ngs.noaa.gov/cgi-bin/ds_mark.prl?PidBox=LW0562,LW0562,441,,,,RI,BRISTOL,BRISTOL (2018),41 41 17.4    (N),071 16 45.0    (W),41.6881666667,-71.2791666667,,NAD 83,(1986),,HD_HELD2,17.428,NAVD 88,,ADJUSTED,-29.656,GEOID18,17.423,980304.5,,,,,,,,2,0,,,,RI,67197.,118385.,,,,,,,,C,UNK,20081120,GOOD,INDIV,N,DD = SURVEY DISK,7 = SET IN TOP OF CONCRETE MONUMENT,441
,20260103,http://www.ngs.noaa.gov/cgi-bin/ds_mark.prl?PidBox=LW0564,LW0564,442,,,,RI,BRISTOL,BRISTOL (2018),41 40 24.     (N),071 16 40.     (W),41.6733333333,-71.2777777778,,NAD 83,(1986),,SCALED,5.659,NAVD 88,,ADJUSTED,-29.682,GEOID18,5.657,980303.0,,,,,,,,2,0,,,,RI,65550.,118510.,,,,,,,,C,UNK,20050217,GOOD,USPSQD,N,DD = SURVEY DISK,7 = SET IN TOP OF CONCRETE MONUMENT,442
,20260103,http://www.ngs.noaa.gov/cgi-bin/ds_mark.prl?PidBox=LW0567,LW0567,443,,,,RI,BRISTOL,BRISTOL (2018),41 39 40.     (N),071 16 14.     (W),41.6611111111,-71.2705555556,,NAD 83,(1986),,SCALED,2.499,NAVD 88,,ADJUSTED,-29.693,GEOID18,2.498,980301.8,,,,,,,,2,0,,,,RI,64190.,119110.,,,,,,,,C,UNK,1969,GOOD,CGS,,DD = SURVEY DISK,7 = SET IN TOP OF CONCRETE MONUMENT,443
,20260103,http://www.ngs.noaa.gov/cgi-bin/ds_mark.prl?PidBox=LW0568,LW0568,445,,,,RI,BRISTOL,BRISTOL (2018),41 38 52.     (N),071 15 45.     (W),41.6477777778,-71.2625000000,,NAD 83,(1986),,SCALED,32.500,NAVD 88,,ADJUSTED,-29.703,GEOID18,32.489,980300.6,,,,,,,,2,0,,,,RI,62720.,119790.,,,,,,,,C,UNK,1969,GOOD,CGS,,DD = SURVEY DISK,7 = SET IN TOP OF CONCRETE MONUMENT,445
,20260103,http://www.ngs.noaa.gov/cgi-bin/ds_mark.prl?PidBox=LW0573,LW0573,448,,,,RI,NEWPORT,PRUDENCE ISLAND (2018),41 37 02.     (N),071 15 25.     (W),41.6172222222,-71.2569444444,,NAD 83,(1986),,SCALED,35.463,NAVD 88,,ADJUSTED,-29.738,GEOID18,35.451,980299.0,,,,,,,,2,0,,,,RI,59320.,120260.,,,,,,,,C,UNK,20151222,POOR,USPSQD,,DD = SURVEY DISK,7 = SET IN TOP OF CONCRETE MONUMENT,448
,20260103,http://www.ngs.noaa.gov/cgi-bin/ds_mark.prl?PidBox=LW0249,LW0249,452,,,,RI,NEWPORT,PRUDENCE ISLAND (2018),41 34 45.54   (N),071 16 13.07   (W),41.5793166667,-71.2702972222,,NAD 83,(1986),,HD_HELD1,53.837,NAVD 88,,ADJUSTED,-29.802,GEOID18,53.820,980298.1,,,,,,,,2,0,,,,RI,55109.2,119155.8,,,,,,,,C,UNK,20190720,GOOD,BASE9,Y,DD = SURVEY DISK,7 = SET IN TOP OF CONCRETE MONUMENT,452
,20260103,http://www.ngs.noaa.gov/cgi-bin/ds_mark.prl?PidBox=LW0251,LW0251,453,,,,RI,NEWPORT,PRUDENCE ISLAND (2018),41 34 02.     (N),071 16 49.     (W),41.5672222222,-71.2802777778,,NAD 83,(1986),,SCALED,28.614,NAVD 88,,ADJUSTED,-29.833,GEOID18,28.605,980297.7,,,,,,,,2,0,,,,RI,53760.,118330.,,,,,,,,C,UNK,1969,MARK NOT FOUND,CGS,,DD = SURVEY DISK,7 = SET IN TOP OF CONCRETE MONUMENT,453
,20260103,http://www.ngs.noaa.gov/cgi-bin/ds_mark.prl?PidBox=LW0256,LW0256,454,,,,RI,NEWPORT,PRUDENCE ISLAND (2018),41 33 24.     (N),071 17 21.     (W),41.5566666667,-71.2891666667,,NAD 83,(1986),,SCALED,41.265,NAVD 88,,ADJUSTED,-29.859,GEOID18,41.251,980297.3,,,,,,,,2,0,,,,RI,52590.,117590.,,,,,,,,C,UNK,20071101,GOOD,INDIV,Y,DD = SURVEY DISK,7 = SET IN TOP OF CONCRETE MONUMENT,454
,20260103,http://www.ngs.noaa.gov/cgi-bin/ds_mark.prl?PidBox=LW0257,LW0257,455,,,,RI,NEWPORT,PRUDENCE ISLAND (2018),41 32 33.     (N),071 17 30.     (W),41.5425000000,-71.2916666667,,NAD 83,(1986),,SCALED,44.806,NAVD 88,,ADJUSTED,-29.883,GEOID18,44.791,980296.6,,,,,,,,2,0,,,,RI,51020.,117380.,,,,,,,,C,UNK,1969,GOOD,CGS,,DD = SURVEY DISK,7 = SET IN TOP OF CONCRETE MONUMENT,455
,20260103,http://www.ngs.noaa.gov/cgi-bin/ds_mark.prl?PidBox=LW0537,LW0537,462,,,,RI,PROVIDENCE,EAST PROVIDENCE (2018),41 48 30.     (N),071 20 21.     (W),41.8083333333,-71.3391666667,,NAD 83,(1986),,SCALED,5.079,NAVD 88,,ADJUSTED,-29.466,GEOID18,5.077,980320.3,,,,,,,,2,0,,,,RI,80530.,113370.,,,,,,,,C,UNK,20040701,GOOD,EPDPW,Y,DB = BENCH MARK DISK,32 = SET IN A RETAINING WALL OR CONCRETE LEDGE,462
,20260103,http://www.ngs.noaa.gov/cgi-bin/ds_mark.prl?PidBox=MY0770,MY0770,49,,,,RI,PROVIDENCE,BLACKSTONE (2018),42 00 23.80098(N),071 34 57.39187(W),42.0066113833,-71.5826088528,,NAD 83,(1996),,ADJUSTED,87.981,NAVD 88,,ADJUSTED,-29.354,GEOID18,87.953,980294.3,,,,,,,2,2,0,,,,RI,102546.038,93156.545,-0 03 19.0,0.99998513,19,4653737.142,286128.938,-1 43 44.3,1.00016287,D,UNK,19870601,GOOD,RIGS,,DB = BENCH MARK DISK,9 = POST (STONE OR PRECAST CONCRETE),49
,20260103,http://www.ngs.noaa.gov/cgi-bin/ds_mark.prl?PidBox=LW0225,LW0225,498,,,,RI,NEWPORT,FALL RIVER (2018),41 37 32.10   (N),071 13 11.70   (W),41.6255833333,-71.2199166667,,NAD 83,(1986),,HD_HELD1,2.454,NAVD 88,,ADJUSTED,-29.685,GEOID18,2.453,980297.0,,,,,,,,2,0,,,,RI,60260.2,123340.5,,,,,,,,B,UNK,20150320,GOOD,GEOCAC,Y,DB = BENCH MARK DISK,36 = SET IN A MASSIVE STRUCTURE,498
,20260103,http://www.ngs.noaa.gov/cgi-bin/ds_mark.prl?PidBox=LW0497,LW0497,499,,,,RI,NEWPORT,FALL RIVER (2018),41 37 34.     (N),071 12 47.     (W),41.6261111111,-71.2130555556,,NAD 83,(1986),,SCALED,3.960,NAVD 88,,ADJUSTED,-29.675,GEOID18,3.959,980296.5,,,,,,,,2,0,,,,RI,60320.,123910.,,,,,,,,C,UNK,20150320,MARK NOT FOUND,GEOCAC,,DD = SURVEY DISK,7 = SET IN TOP OF CONCRETE MONUMENT,499
,20260103,http://www.ngs.noaa.gov/cgi-bin/ds_mark.prl?PidBox=LW0304,LW0304,5,,,,RI,PROVIDENCE,PAWTUCKET (2018),41 58 16.     (N),071 24 17.     (W),41.9711111111,-71.4047222222,,NAD 83,(1986),,SCALED,86.885,NAVD 88,,ADJUSTED,-29.133,GEOID18,86.859,980320.8,,,,,,,,2,0,,,,RI,98600.,107900.,,,,,,,,C,UNK,1985,GOOD,LOCSUR,,DB = BENCH MARK DISK,7 = SET IN TOP OF CONCRETE MONUMENT,5
,20260103,http://www.ngs.noaa.gov/cgi-bin/ds_mark.prl?PidBox=MY0778,MY0778,50,,,,RI,PROVIDENCE,BLACKSTONE (2018),42 00 49.     (N),071 34 58.     (W),42.0136111111,-71.5827777778,,NAD 83,(1986),,SCALED,83.630,NAVD 88,,ADJUSTED,-29.337,GEOID18,83.602,980294.7,,,,,,,,2,0,,,,RI,103320.,93140.,,,,,,,,C,UNK,1969,GOOD,CGS,,DB = BENCH MARK DISK,7 = SET IN TOP OF CONCRETE MONUMENT,50
,20260103,http://www.ngs.noaa.gov/cgi-bin/ds_mark.prl?PidBox=LW0220,LW0220,500,,,,RI,NEWPORT,FALL RIVER (2018),41 38 08.     (N),071 12 28.     (W),41.6355555556,-71.2077777778,,NAD 83,(1986),,SCALED,32.991,NAVD 88,,ADJUSTED,-29.653,GEOID18,32.980,980296.2,,,,,,,,2,0,,,,RI,61370.,124350.,,,,,,,,C,UNK,1969,GOOD,CGS,,DD = SURVEY DISK,7 = SET IN TOP OF CONCRETE MONUMENT,500
,20260103,http://www.ngs.noaa.gov/cgi-bin/ds_mark.prl?PidBox=LW0217,LW0217,501,,,,RI,NEWPORT,FALL RIVER (2018),41 39 01.     (N),071 12 05.     (W),41.6502777778,-71.2013888889,,NAD 83,(1986),,SCALED,59.402,NAVD 88,,ADJUSTED,-29.620,GEOID18,59.383,980296.2,,,,,,,,2,0,,,,RI,63010.,124880.,,,,,,,,C,UNK,1958,GOOD,CGS,,DD = SURVEY DISK,80 = SET IN A BOULDER,501
,20260103,http://www.ngs.noaa.gov/cgi-bin/ds_mark.prl?PidBox=LW0218,LW0218,501 RESET,,,,RI,NEWPORT,FALL RIVER (2018),41 39 01.     (N),071 12 05.     (W),41.6502777778,-71.2013888889,,NAD 83,(1986),,SCALED,59.406,NAVD 88,,ADJUSTED,-29.620,GEOID18,59.387,980296.2,,,,,,,,2,0,,,,RI,63010.,124880.,,,,,,,,A,UNK,1969,GOOD,CGS,,DD = SURVEY DISK,66 = SET IN ROCK OUTCROP,501
,20260103,http://www.ngs.noaa.gov/cgi-bin/ds_mark.prl?PidBox=LW0210,LW0210,502,,,,RI,NEWPORT,FALL RIVER (2018),41 39 39.     (N),071 11 25.     (W),41.6608333333,-71.1902777778,,NAD 83,(1986),,SCALED,72.561,NAVD 88,,ADJUSTED,-29.587,GEOID18,72.538,980295.9,,,,,,,,2,0,,,,RI,64180.,125800.,,,,,,,,C,UNK,1969,GOOD,CGS,,DD = SURVEY DISK,7 = SET IN TOP OF CONCRETE MONUMENT,502
,20260103,http://www.ngs.noaa.gov/cgi-bin/ds_mark.prl?PidBox=LW0209,LW0209,503,,,,RI,NEWPORT,FALL RIVER (2018),41 40 19.     (N),071 11 06.     (W),41.6719444444,-71.1850000000,,NAD 83,(1986),,SCALED,78.400,NAVD 88,,ADJUSTED,-29.561,GEOID18,78.374,980296.7,,,,,,,,2,0,,,,RI,65420.,126230.,,,,,,,,C,UNK,1969,GOOD,CGS,,DD = SURVEY DISK,7 = SET IN TOP OF CONCRETE MONUMENT,503
,20260103,http://www.ngs.noaa.gov/cgi-bin/ds_mark.prl?PidBox=LW0502,LW0502,506,,,,RI,NEWPORT,TIVERTON (2018),41 35 30.3    (N),071 11 40.1    (W),41.5917500000,-71.1944722222,,NAD 83,(1986),,HD_HELD2,23.042,NAVD 88,,ADJUSTED,-29.702,GEOID18,23.034,980296.3,,,,,,,,2,0,,,,RI,56510.,125474.,,,,,,,,C,UNK,20150403,GOOD,GEOCAC,N,DB = BENCH MARK DISK,7 = SET IN TOP OF CONCRETE MONUMENT,506
,20260103,http://www.ngs.noaa.gov/cgi-bin/ds_mark.prl?PidBox=LW0506,LW0506,507,,,,RI,NEWPORT,TIVERTON (2018),41 34 42.78   (N),071 11 29.97   (W),41.5785500000,-71.1916583333,,NAD 83,(1986),,HD_HELD1,15.326,NAVD 88,,ADJUSTED,-29.719,GEOID18,15.321,980297.5,,,,,,,,2,0,,,,RI,55044.5,125714.1,,,,,,,,C,UNK,20150403,GOOD,GEOCAC,N,DB = BENCH MARK DISK,7 = SET IN TOP OF CONCRETE MONUMENT,507
,20260103,http://www.ngs.noaa.gov/cgi-bin/ds_mark.prl?PidBox=LW0507,LW0507,508,,,,RI,NEWPORT,TIVERTON (2018),41 34 16.     (N),071 11 15.     (W),41.5711111111,-71.1875000000,,NAD 83,(1986),,SCALED,7.832,NAVD 88,,ADJUSTED,-29.726,GEOID18,7.829,980298.2,,,,,,,,2,0,,,,RI,54220.,126060.,,,,,,,,C,UNK,20061106,GOOD,USPSQD,N,DD = SURVEY DISK,7 = SET IN TOP OF CONCRETE MONUMENT,508
,20260103,http://www.ngs.noaa.gov/cgi-bin/ds_mark.prl?PidBox=LW1213,LW1213,51,,,,RI,PROVIDENCE,GEORGIAVILLE (2018),41 59 35.44   (N),071 35 55.91   (W),41.9931777778,-71.5988638889,,NAD 83,(1986),,HD_HELD1,83.415,NAVD 88,,ADJUSTED,-29.399,GEOID18,83.387,980296.2,,,,,,,,2,0,,,,RI,101055.4,91808.2,,,,,,,,C,UNK,19900825,MARK NOT FOUND,USPSQD,,DB = BENCH MARK DISK,7 = SET IN TOP OF CONCRETE MONUMENT,51
,20260103,http://www.ngs.noaa.gov/cgi-bin/ds_mark.prl?PidBox=LW0509,LW0509,510,,,,RI,NEWPORT,TIVERTON (2018),41 33 12.5    (N),071 11 37.1    (W),41.5534722222,-71.1936388889,,NAD 83,(1986),,HD_HELD2,5.137,NAVD 88,,ADJUSTED,-29.759,GEOID18,5.136,980297.0,,,,,,,,2,0,,,,RI,52259.,125559.,,,,,,,,C,UNK,20061106,GOOD,USPSQD,N,DD = SURVEY DISK,7 = SET IN TOP OF CONCRETE MONUMENT,510
,20260103,http://www.ngs.noaa.gov/cgi-bin/ds_mark.prl?PidBox=LW0515,LW0515,511,,,,RI,NEWPORT,TIVERTON (2018),41 32 14.     (N),071 11 53.     (W),41.5372222222,-71.1980555556,,NAD 83,(1986),,SCALED,27.402,NAVD 88,,ADJUSTED,-29.788,GEOID18,27.393,980295.9,,,,,,,,2,0,,,,RI,50450.,125200.,,,,,,,,C,UNK,20061106,GOOD,USPSQD,N,DD = SURVEY DISK,7 = SET IN TOP OF CONCRETE MONUMENT,511
,20260103,http://www.ngs.noaa.gov/cgi-bin/ds_mark.prl?PidBox=LW0516,LW0516,512,,,,RI,NEWPORT,TIVERTON (2018),41 31 33.04   (N),071 11 36.86   (W),41.5258444444,-71.1935722222,,NAD 83,(1986),,HD_HELD1,38.529,NAVD 88,,ADJUSTED,-29.801,GEOID18,38.516,980294.9,,,,,,,,2,0,,,,RI,49190.2,125575.2,,,,,,,,A,UNK,20230319,GOOD,BSC,Y,DD = SURVEY DISK,66 = SET IN ROCK OUTCROP,512
,20260103,http://www.ngs.noaa.gov/cgi-bin/ds_mark.prl?PidBox=LW0517,LW0517,513,,,,RI,NEWPORT,TIVERTON (2018),41 30 46.     (N),071 11 33.     (W),41.5127777778,-71.1925000000,,NAD 83,(1986),,SCALED,27.365,NAVD 88,,ADJUSTED,-29.822,GEOID18,27.356,980293.9,,,,,,,,2,0,,,,RI,47740.,125670.,,,,,,,,C,UNK,20151226,GOOD,GEOCAC,N,DB = BENCH MARK DISK,7 = SET IN TOP OF CONCRETE MONUMENT,513
,20260103,http://www.ngs.noaa.gov/cgi-bin/ds_mark.prl?PidBox=LW0295,LW0295,514,,,,RI,NEWPORT,TIVERTON (2018),41 30 23.     (N),071 11 08.     (W),41.5063888889,-71.1855555556,,NAD 83,(1986),,SCALED,28.013,NAVD 88,,ADJUSTED,-29.825,GEOID18,28.004,980293.2,,,,,,,,2,0,,,,RI,47030.,126250.,,,,,,,,C,UNK,20061106,POOR,USPSQD,,DD = SURVEY DISK,7 = SET IN TOP OF CONCRETE MONUMENT,514
,20260103,http://www.ngs.noaa.gov/cgi-bin/ds_mark.prl?PidBox=LW0595,LW0595,515,,,,RI,NEWPORT,SAKONNET POINT (2018),41 29 53.9    (N),071 11 13.4    (W),41.4983055556,-71.1870555556,,NAD 83,(1986),,HD_HELD2,21.475,NAVD 88,,ADJUSTED,-29.843,GEOID18,21.467,980294.6,,,,,,,,2,0,,,,RI,46134.,126130.,,,,,,,,D,UNK,20170621,GOOD,GEOCAC,N,DD = SURVEY DISK,9 = POST (STONE OR PRECAST CONCRETE),515
,20260103,http://www.ngs.noaa.gov/cgi-bin/ds_mark.prl?PidBox=LW0596,LW0596,516,,,,RI,NEWPORT,SAKONNET POINT (2018),41 29 15.     (N),071 10 55.     (W),41.4875000000,-71.1819444444,,NAD 83,(1986),,SCALED,12.774,NAVD 88,,ADJUSTED,-29.858,GEOID18,12.770,980294.2,,,,,,,,2,0,,,,RI,44940.,126560.,,,,,,,,D,UNK,20051028,MARK NOT FOUND,USPSQD,,DD = SURVEY DISK,9 = POST (STONE OR PRECAST CONCRETE),516
,20260103,http://www.ngs.noaa.gov/cgi-bin/ds_mark.prl?PidBox=LW0616,LW0616,517,,,,RI,NEWPORT,SAKONNET POINT (2018),41 28 28.     (N),071 10 41.     (W),41.4744444444,-71.1780555556,,NAD 83,(1986),,SCALED,8.890,NAVD 88,,ADJUSTED,-29.880,GEOID18,8.887,980293.6,,,,,,,,2,0,,,,RI,43490.,126890.,,,,,,,,C,UNK,20160106,GOOD,GEOCAC,,DD = SURVEY DISK,7 = SET IN TOP OF CONCRETE MONUMENT,517
,20260103,http://www.ngs.noaa.gov/cgi-bin/ds_mark.prl?PidBox=LW0618,LW0618,518,,,,RI,NEWPORT,SAKONNET POINT (2018),41 27 56.     (N),071 11 25.     (W),41.4655555556,-71.1902777778,,NAD 83,(1986),,SCALED,4.479,NAVD 88,,ADJUSTED,-29.913,GEOID18,4.477,980293.0,,,,,,,,2,0,,,,RI,42500.,125870.,,,,,,,,A,UNK,1989,GOOD,USPSQD,,DD = SURVEY DISK,66 = SET IN ROCK OUTCROP,518
,20260103,http://www.ngs.noaa.gov/cgi-bin/ds_mark.prl?PidBox=LW0585,LW0585,522,,,,RI,NEWPORT,NEWPORT (2018),41 29 23.     (N),071 17 04.     (W),41.4897222222,-71.2844444444,,NAD 83,(1986),,SCALED,2.849,NAVD 88,,ADJUSTED,-29.969,GEOID18,2.848,980295.2,,,,,,,,2,0,,,,RI,45160.,118000.,,,,,,,,C,UNK,1969,GOOD,CGS,,DD = SURVEY DISK,7 = SET IN TOP OF CONCRETE MONUMENT,522
,20260103,http://www.ngs.noaa.gov/cgi-bin/ds_mark.prl?PidBox=LW1852,LW1852,53,,,,RI,PROVIDENCE,GEORGIAVILLE (2018),41 58 46.76   (N),071 36 55.04   (W),41.9796555556,-71.6152888889,,NAD 83,(1986),,HD_HELD1,81.218,NAVD 88,,ADJUSTED,-29.439,GEOID18,81.191,980291.5,,,,,,,,2,2,,,,RI,99555.1,90445.2,,,,,,,,C,1986,1986,MONUMENTED,RIGS,,DB = BENCH MARK DISK,7 = SET IN TOP OF CONCRETE MONUMENT,53
,20260103,http://www.ngs.noaa.gov/cgi-bin/ds_mark.prl?PidBox=LW0525,LW0525,537,,,,RI,NEWPORT,FALL RIVER (2018),41 39 51.     (N),071 09 14.     (W),41.6641666667,-71.1538888889,,NAD 83,(1986),,SCALED,74.536,NAVD 88,,ADJUSTED,-29.532,GEOID18,74.511,980292.4,,,,,,,,2,0,,,,RI,64570.,128830.,,,,,,,,C,UNK,1969,GOOD,CGS,,DD = SURVEY DISK,7 = SET IN TOP OF CONCRETE MONUMENT,537
,20260103,http://www.ngs.noaa.gov/cgi-bin/ds_mark.prl?PidBox=LW1853,LW1853,54,,,,RI,PROVIDENCE,GEORGIAVILLE (2018),41 58 40.94   (N),071 36 54.18   (W),41.9780388889,-71.6150500000,,NAD 83,(1986),,HD_HELD1,83.915,NAVD 88,,ADJUSTED,-29.442,GEOID18,83.888,980291.1,,,,,,,,2,2,,,,RI,99375.5,90464.8,,,,,,,,C,1986,1986,MONUMENTED,RIGS,,DB = BENCH MARK DISK,32 = SET IN A RETAINING WALL OR CONCRETE LEDGE,54
,20260103,http://www.ngs.noaa.gov/cgi-bin/ds_mark.prl?PidBox=LW1466,LW1466,544,,,,RI,PROVIDENCE,GEORGIAVILLE (2018),41 54 12.97   (N),071 32 11.30   (W),41.9036027778,-71.5364722222,,NAD 83,(1986),,HD_HELD1,87.055,NAVD 88,,ADJUSTED,-29.504,GEOID18,87.026,980294.1,,,,,,,,2,0,,,,RI,91102.0,96973.7,,,,,,,,C,UNK,1969,GOOD,CGS,,DB = BENCH MARK DISK,7 = SET IN TOP OF CONCRETE MONUMENT,544
,20260103,http://www.ngs.noaa.gov/cgi-bin/ds_mark.prl?PidBox=LW5619,LW5619,549 RESET,,,,RI,PROVIDENCE,NORTH SCITUATE (2018),41 49 24.     (N),071 35 10.     (W),41.8233333333,-71.5861111111,,NAD 83,(1986),,SCALED,94.49,NAVD 88,,RESET,-29.713,GEOID18,,,,,,,,,,3,,,,,RI,82190.,92850.,,,,,,,,C,1986,19991231,GOOD,USPSQD,,DD = SURVEY DISK,80 = SET IN A BOULDER,RIBPR 549 RESET 1986
,20260103,http://www.ngs.noaa.gov/cgi-bin/ds_mark.prl?PidBox=LW1857,LW1857,55,,,,RI,PROVIDENCE,CHEPACHET (2018),41 58 27.     (N),071 37 41.     (W),41.9741666667,-71.6280555556,,NAD 83,(1986),,SCALED,93.758,NAVD 88,,ADJUSTED,-29.457,GEOID18,93.727,980288.0,,,,,,,,2,2,,,,RI,98950.,89390.,,,,,,,,C,1986,1986,MONUMENTED,RIGS,,DB = BENCH MARK DISK,7 = SET IN TOP OF CONCRETE MONUMENT,55
,20260103,http://www.ngs.noaa.gov/cgi-bin/ds_mark.prl?PidBox=LW5618,LW5618,550 RESET,,,,RI,PROVIDENCE,NORTH SCITUATE (2018),41 48 31.     (N),071 35 06.     (W),41.8086111111,-71.5850000000,,NAD 83,(1986),,SCALED,103.52,NAVD 88,,RESET,-29.741,GEOID18,,,,,,,,,,3,,,,,RI,80550.,92940.,,,,,,,,C,1986,1988,GOOD,USPSQD,,DD = SURVEY DISK,80 = SET IN A BOULDER,RIBPR 550 RESET 1986
,20260103,http://www.ngs.noaa.gov/cgi-bin/ds_mark.prl?PidBox=LW5622,LW5622,552 RESET,,,,RI,PROVIDENCE,NORTH SCITUATE (2018),41 46 17.     (N),071 34 04.     (W),41.7713888889,-71.5677777778,,NAD 83,(1986),,SCALED,96.62,NAVD 88,,RESET,-29.801,GEOID18,,,,,,,,,,3,,,,,RI,76420.,94370.,,,,,,,,C,1986,1986,MONUMENTED,RIGS,,DD = SURVEY DISK,80 = SET IN A BOULDER,RIBPR 552 RESET 1986
,20260103,http://www.ngs.noaa.gov/cgi-bin/ds_mark.prl?PidBox=LW5623,LW5623,553 RESET,,,,RI,PROVIDENCE,NORTH SCITUATE (2018),41 45 30.     (N),071 34 11.     (W),41.7583333333,-71.5697222222,,NAD 83,(1986),,SCALED,76.23,NAVD 88,,RESET,-29.833,GEOID18,,,,,,,,,,3,,,,,RI,74970.,94200.,,,,,,,,C,1986,1986,MONUMENTED,RIGS,,DD = SURVEY DISK,80 = SET IN A BOULDER,RIBPR 553 1986 RESET
,20260103,http://www.ngs.noaa.gov/cgi-bin/ds_mark.prl?PidBox=LW1343,LW1343,554,,,,RI,PROVIDENCE,CROMPTON (2018),41 44 34.     (N),071 34 04.     (W),41.7427777778,-71.5677777778,,NAD 83,(1986),,SCALED,89.230,NAVD 88,,ADJUSTED,-29.870,GEOID18,89.199,980285.1,,,,,,,,2,0,,,,RI,73240.,94360.,,,,,,,,C,UNK,19880523,GOOD,RIGS,,DB = BENCH MARK DISK,7 = SET IN TOP OF CONCRETE MONUMENT,554
,20260103,http://www.ngs.noaa.gov/cgi-bin/ds_mark.prl?PidBox=LW5615,LW5615,554 RESET,,,,RI,PROVIDENCE,CROMPTON (2018),41 44 34.     (N),071 34 04.     (W),41.7427777778,-71.5677777778,,NAD 83,(1986),,SCALED,88.76,NAVD 88,,RESET,-29.870,GEOID18,,,,,,,,,,3,,,,,RI,73240.,94360.,,,,,,,,C,1988,1988,MONUMENTED,RIGS,,DD = SURVEY DISK,80 = SET IN A BOULDER,554 RESET 1988
,20260103,http://www.ngs.noaa.gov/cgi-bin/ds_mark.prl?PidBox=LW1347,LW1347,555,,,,RI,PROVIDENCE,CROMPTON (2018),41 43 48.62   (N),071 33 46.02   (W),41.7301722222,-71.5627833333,,NAD 83,(1986),,HD_HELD1,61.735,NAVD 88,,ADJUSTED,-29.897,GEOID18,61.714,980285.5,,,,,,,,2,0,,,,RI,71840.5,94776.5,,,,,,,,B,UNK,20160119,GOOD,INDIV,Y,DB = BENCH MARK DISK,36 = SET IN A MASSIVE STRUCTURE,555
,20260103,http://www.ngs.noaa.gov/cgi-bin/ds_mark.prl?PidBox=LW1351,LW1351,558,,,,RI,KENT,CROMPTON (2018),41 41 30.70   (N),071 33 26.09   (W),41.6918611111,-71.5572472222,,NAD 83,(1986),,HD_HELD1,75.024,NAVD 88,,ADJUSTED,-29.978,GEOID18,74.998,980275.9,,,,,,,,2,0,,,,RI,67585.1,95234.2,,,,,,,,C,UNK,20060318,GOOD,USPSQD,Y,DD = SURVEY DISK,7 = SET IN TOP OF CONCRETE MONUMENT,558
,20260103,http://www.ngs.noaa.gov/cgi-bin/ds_mark.prl?PidBox=LW1858,LW1858,56,,,,RI,PROVIDENCE,CHEPACHET (2018),41 58 07.     (N),071 38 09.     (W),41.9686111111,-71.6358333333,,NAD 83,(1986),,SCALED,109.420,NAVD 88,,ADJUSTED,-29.473,GEOID18,109.383,980285.7,,,,,,,,2,2,,,,RI,98330.,88740.,,,,,,,,C,1986,20051030,GOOD,GEOCAC,N,DB = BENCH MARK DISK,7 = SET IN TOP OF CONCRETE MONUMENT,56
,20260103,http://www.ngs.noaa.gov/cgi-bin/ds_mark.prl?PidBox=LW1018,LW1018,569,,,,RI,WASHINGTON,KINGSTON (2018),41 28 48.     (N),071 31 15.     (W),41.4800000000,-71.5208333333,,NAD 83,(1986),,SCALED,73.418,NAVD 88,,ADJUSTED,-30.246,GEOID18,73.392,980275.8,,,,,,,,2,0,,,,RI,44050.,98260.,,,,,,,,C,UNK,19971001,MARK NOT FOUND,USPSQD,,DB = BENCH MARK DISK,7 = SET IN TOP OF CONCRETE MONUMENT,569
,20260103,http://www.ngs.noaa.gov/cgi-bin/ds_mark.prl?PidBox=LW1859,LW1859,57,,,,RI,PROVIDENCE,CHEPACHET (2018),41 58 07.     (N),071 38 28.     (W),41.9686111111,-71.6411111111,,NAD 83,(1986),,SCALED,107.746,NAVD 88,,ADJUSTED,-29.475,GEOID18,107.710,980284.7,,,,,,,,2,2,,,,RI,98330.,88300.,,,,,,,,C,1986,1986,MONUMENTED,RIGS,,DB = BENCH MARK DISK,7 = SET IN TOP OF CONCRETE MONUMENT,57
,20260103,http://www.ngs.noaa.gov/cgi-bin/ds_mark.prl?PidBox=LW0693,LW0693,570,,,,RI,WASHINGTON,NARRAGANSETT PIER (2018),41 29 02.     (N),071 29 57.     (W),41.4838888889,-71.4991666667,,NAD 83,(1986),,SCALED,54.533,NAVD 88,,ADJUSTED,-30.224,GEOID18,54.514,980276.3,,,,,,,,2,0,,,,RI,44490.,100070.,,,,,,,,C,UNK,20011010,MARK NOT FOUND,USPSQD,,DB = BENCH MARK DISK,7 = SET IN TOP OF CONCRETE MONUMENT,570
,20260103,http://www.ngs.noaa.gov/cgi-bin/ds_mark.prl?PidBox=LW0691,LW0691,571,,,,RI,WASHINGTON,NARRAGANSETT PIER (2018),41 29 27.     (N),071 29 16.     (W),41.4908333333,-71.4877777778,,NAD 83,(1986),,SCALED,20.746,NAVD 88,,ADJUSTED,-30.206,GEOID18,20.739,980276.7,,,,,,,,2,0,,,,RI,45260.,101020.,,,,,,,,C,UNK,20060630,GOOD,USPSQD,Y,DB = BENCH MARK DISK,7 = SET IN TOP OF CONCRETE MONUMENT,571
,20260103,http://www.ngs.noaa.gov/cgi-bin/ds_mark.prl?PidBox=LW0689,LW0689,572,,,,RI,WASHINGTON,NARRAGANSETT PIER (2018),41 29 37.     (N),071 27 55.     (W),41.4936111111,-71.4652777778,,NAD 83,(1986),,SCALED,34.927,NAVD 88,,ADJUSTED,-30.181,GEOID18,34.915,980278.4,,,,,,,,2,0,,,,RI,45570.,102900.,,,,,,,,C,UNK,20011010,MARK NOT FOUND,USPSQD,,DB = BENCH MARK DISK,7 = SET IN TOP OF CONCRETE MONUMENT,572
,20260103,http://www.ngs.noaa.gov/cgi-bin/ds_mark.prl?PidBox=LW0759,LW0759,575,,,,RI,WASHINGTON,CAROLINA (2018),41 24 44.     (N),071 44 49.     (W),41.4122222222,-71.7469444444,,NAD 83,(1986),,SCALED,18.623,NAVD 88,,ADJUSTED,-30.475,GEOID18,18.617,980272.9,,,,,,,,1,1,,,,RI,36560.,79350.,,,,,,,,C,UNK,1990,GOOD,USPSQD,,DB = BENCH MARK DISK,7 = SET IN TOP OF CONCRETE MONUMENT,575
,20260103,http://www.ngs.noaa.gov/cgi-bin/ds_mark.prl?PidBox=LW0760,LW0760,576,,,,RI,WASHINGTON,CAROLINA (2018),41 25 12.     (N),071 44 01.     (W),41.4200000000,-71.7336111111,,NAD 83,(1986),,SCALED,42.458,NAVD 88,,ADJUSTED,-30.458,GEOID18,42.443,980272.7,,,,,,,,1,1,,,,RI,37420.,80470.,,,,,,,,C,UNK,1969,GOOD,CGS,,DB = BENCH MARK DISK,7 = SET IN TOP OF CONCRETE MONUMENT,576
,20260103,http://www.ngs.noaa.gov/cgi-bin/ds_mark.prl?PidBox=LW1863,LW1863,58,,,,RI,PROVIDENCE,CHEPACHET (2018),41 56 47.     (N),071 38 49.     (W),41.9463888889,-71.6469444444,,NAD 83,(1986),,SCALED,111.986,NAVD 88,,ADJUSTED,-29.522,GEOID18,111.948,980281.5,,,,,,,,2,2,,,,RI,95860.,87820.,,,,,,,,D,1986,1986,MONUMENTED,RIGS,,DB = BENCH MARK DISK,7 = SET IN TOP OF CONCRETE MONUMENT,58
,20260103,http://www.ngs.noaa.gov/cgi-bin/ds_mark.prl?PidBox=LW1128,LW1128,591,,,,RI,PROVIDENCE,GEORGIAVILLE (2018),41 59 35.6    (N),071 34 28.6    (W),41.9932222222,-71.5746111111,,NAD 83,(1986),,HD_HELD2,109.174,NAVD 88,,ADJUSTED,-29.376,GEOID18,109.139,980297.0,,,,,,,,2,0,,,,RI,101058.,93818.,,,,,,,,C,UNK,20220325,GOOD,PROFLN,,DB = BENCH MARK DISK,7 = SET IN TOP OF CONCRETE MONUMENT,591
,20260103,http://www.ngs.noaa.gov/cgi-bin/ds_mark.prl?PidBox=LW1619,LW1619,592,,,,RI,PROVIDENCE,GEORGIAVILLE (2018),41 59 55.     (N),071 34 44.     (W),41.9986111111,-71.5788888889,,NAD 83,(1986),,SCALED,71.756,NAVD 88,,ADJUSTED,-29.369,GEOID18,71.732,980297.2,,,,,,,,2,0,,,,RI,101660.,93460.,,,,,,,,C,UNK,1969,MARK NOT FOUND,CGS,,DB = BENCH MARK DISK,7 = SET IN TOP OF CONCRETE MONUMENT,592
,20260103,http://www.ngs.noaa.gov/cgi-bin/ds_mark.prl?PidBox=LW1455,LW1455,593,,,,RI,PROVIDENCE,NORTH SCITUATE (2018),41 50 10.77   (N),071 30 19.10   (W),41.8363250000,-71.5053055556,,NAD 83,(1986),,HD_HELD1,97.952,NAVD 88,,ADJUSTED,-29.601,GEOID18,97.920,980290.8,,,,,,,,2,0,,,,RI,83628.9,99559.3,,,,,,,,C,UNK,1969,GOOD,CGS,,DB = BENCH MARK DISK,80 = SET IN A BOULDER,593
,20260103,http://www.ngs.noaa.gov/cgi-bin/ds_mark.prl?PidBox=LW1251,LW1251,597,,,,RI,PROVIDENCE,CLAYVILLE (2018),41 49 30.02   (N),071 44 52.19   (W),41.8250055556,-71.7478305556,,NAD 83,(1986),,HD_HELD1,172.495,NAVD 88,,ADJUSTED,-29.780,GEOID18,172.434,980265.3,,,,,,,,2,0,,,,RI,82401.3,79411.0,,,,,,,,A,UNK,1969,GOOD,CGS,,DB = BENCH MARK DISK,66 = SET IN ROCK OUTCROP,597
,20260103,http://www.ngs.noaa.gov/cgi-bin/ds_mark.prl?PidBox=LW1250,LW1250,598,,,,RI,PROVIDENCE,EAST KILLINGLY (2018),41 50 16.70   (N),071 45 03.39   (W),41.8379722222,-71.7509416667,,NAD 83,(1986),,HD_HELD1,177.119,NAVD 88,,ADJUSTED,-29.753,GEOID18,177.056,980262.5,,,,,,,,2,0,,,,RI,83842.2,79156.8,,,,,,,,A,UNK,1969,GOOD,CGS,,DB = BENCH MARK DISK,66 = SET IN ROCK OUTCROP,598
,20260103,http://www.ngs.noaa.gov/cgi-bin/ds_mark.prl?PidBox=LW1249,LW1249,599,,,,RI,PROVIDENCE,EAST KILLINGLY (2018),41 51 05.16   (N),071 45 29.59   (W),41.8514333333,-71.7582194444,,NAD 83,(1986),,HD_HELD1,217.450,NAVD 88,,ADJUSTED,-29.722,GEOID18,217.372,980259.3,,,,,,,,2,0,,,,RI,85339.2,78556.8,,,,,,,,C,UNK,1969,GOOD,CGS,,DB = BENCH MARK DISK,7 = SET IN TOP OF CONCRETE MONUMENT,599
,20260103,http://www.ngs.noaa.gov/cgi-bin/ds_mark.prl?PidBox=LW1199,LW1199,60,,,,RI,PROVIDENCE,CHEPACHET (2018),41 55 33.5    (N),071 40 10.5    (W),41.9259722222,-71.6695833333,,NAD 83,(1986),,HD_HELD2,117.890,NAVD 88,,ADJUSTED,-29.564,GEOID18,117.849,980276.2,,,,,,,,2,0,,,,RI,93600.,85934.,,,,,,,,B,UNK,20220709,GOOD,PROFLN,,DD = SURVEY DISK,36 = SET IN A MASSIVE STRUCTURE,60
,20260103,http://www.ngs.noaa.gov/cgi-bin/ds_mark.prl?PidBox=LW1453,LW1453,600,,,,RI,PROVIDENCE,CLAYVILLE (2018),41 47 10.85   (N),071 39 54.62   (W),41.7863472222,-71.6651722222,,NAD 83,(1986),,HD_HELD1,95.828,NAVD 88,,ADJUSTED,-29.834,GEOID18,95.795,980275.6,,,,,,,,2,0,,,,RI,78091.1,86269.8,,,,,,,,B,UNK,1987,GOOD,USPSQD,,DB = BENCH MARK DISK,36 = SET IN A MASSIVE STRUCTURE,600
,20260103,http://www.ngs.noaa.gov/cgi-bin/ds_mark.prl?PidBox=LW1452,LW1452,601,,,,RI,PROVIDENCE,CLAYVILLE (2018),41 46 47.     (N),071 38 54.     (W),41.7797222222,-71.6483333333,,NAD 83,(1986),,SCALED,90.678,NAVD 88,,ADJUSTED,-29.836,GEOID18,90.646,980277.4,,,,,,,,2,0,,,,RI,77350.,87670.,,,,,,,,A,UNK,1987,MARK NOT FOUND,USPSQD,,DB = BENCH MARK DISK,66 = SET IN ROCK OUTCROP,601
,20260103,http://www.ngs.noaa.gov/cgi-bin/ds_mark.prl?PidBox=LW1450,LW1450,602,,,,RI,PROVIDENCE,CLAYVILLE (2018),41 46 10.     (N),071 38 00.     (W),41.7694444444,-71.6333333333,,NAD 83,(1986),,SCALED,102.819,NAVD 88,,ADJUSTED,-29.846,GEOID18,102.784,980279.2,,,,,,,,2,0,,,,RI,76210.,88910.,,,,,,,,A,UNK,1987,GOOD,USPSQD,,DB = BENCH MARK DISK,66 = SET IN ROCK OUTCROP,602
,20260103,http://www.ngs.noaa.gov/cgi-bin/ds_mark.prl?PidBox=LW1449,LW1449,603,,,,RI,PROVIDENCE,CLAYVILLE (2018),41 45 24.39   (N),071 37 31.27   (W),41.7567750000,-71.6253527778,,NAD 83,(1986),,HD_HELD1,148.959,NAVD 88,,ADJUSTED,-29.862,GEOID18,148.908,980280.3,,,,,,,,2,0,,,,RI,74800.9,89575.0,,,,,,,,C,UNK,1987,GOOD,USPSQD,,DB = BENCH MARK DISK,80 = SET IN A BOULDER,603
,20260103,http://www.ngs.noaa.gov/cgi-bin/ds_mark.prl?PidBox=LW1444,LW1444,604,,,,RI,PROVIDENCE,CROMPTON (2018),41 44 43.31   (N),071 36 54.29   (W),41.7453638889,-71.6150805556,,NAD 83,(1986),,HD_HELD1,116.551,NAVD 88,,ADJUSTED,-29.878,GEOID18,116.511,980281.5,,,,,,,,2,0,,,,RI,73532.3,90427.6,,,,,,,,C,UNK,1987,MARK NOT FOUND,USPSQD,,DB = BENCH MARK DISK,80 = SET IN A BOULDER,604
,20260103,http://www.ngs.noaa.gov/cgi-bin/ds_mark.prl?PidBox=LW1442,LW1442,605,,,,RI,PROVIDENCE,CROMPTON (2018),41 44 41.     (N),071 35 48.     (W),41.7447222222,-71.5966666667,,NAD 83,(1986),,SCALED,114.353,NAVD 88,,ADJUSTED,-29.876,GEOID18,114.314,980282.9,,,,,,,,2,0,,,,RI,73460.,91960.,,,,,,,,C,UNK,1969,GOOD,CGS,,DB = BENCH MARK DISK,80 = SET IN A BOULDER,605
,20260103,http://www.ngs.noaa.gov/cgi-bin/ds_mark.prl?PidBox=LW1437,LW1437,606,,,,RI,PROVIDENCE,NORTH SCITUATE (2018),41 45 01.29   (N),071 35 22.08   (W),41.7503583333,-71.5894666667,,NAD 83,(1986),,HD_HELD1,92.883,NAVD 88,,ADJUSTED,-29.863,GEOID18,92.852,980283.4,,,,,,,,2,0,,,,RI,74084.5,92558.8,,,,,,,,B,UNK,20050207,GOOD,USPSQD,Y,DB = BENCH MARK DISK,36 = SET IN A MASSIVE STRUCTURE,606
,20260103,http://www.ngs.noaa.gov/cgi-bin/ds_mark.prl?PidBox=LW5624,LW5624,607 RESET,,,,RI,PROVIDENCE,NORTH SCITUATE (2018),41 45 46.     (N),071 34 15.     (W),41.7627777778,-71.5708333333,,NAD 83,(1986),,SCALED,89.04,NAVD 88,,RESET,-29.823,GEOID18,,,,,,,,,,3,,,,,RI,75460.,94110.,,,,,,,,C,1986,19991231,GOOD,USPSQD,,DD = SURVEY DISK,80 = SET IN A BOULDER,RIBPR 607 RESET 1986
,20260103,http://www.ngs.noaa.gov/cgi-bin/ds_mark.prl?PidBox=LW0358,LW0358,608,,,,RI,KENT,EAST GREENWICH (2018),41 39 28.09   (N),071 29 50.08   (W),41.6578027778,-71.4972444444,,NAD 83,(1986),,HD_HELD1,71.814,NAVD 88,,ADJUSTED,-29.993,GEOID18,71.789,980279.0,,,,,,,,2,0,,,,RI,63800.8,100229.5,,,,,,,,C,UNK,1969,GOOD,CGS,,DD = SURVEY DISK,7 = SET IN TOP OF CONCRETE MONUMENT,608
,20260103,http://www.ngs.noaa.gov/cgi-bin/ds_mark.prl?PidBox=LW0360,LW0360,609,,,,RI,KENT,EAST GREENWICH (2018),41 38 26.69   (N),071 29 41.26   (W),41.6407472222,-71.4947944444,,NAD 83,(1986),,HD_HELD1,33.049,NAVD 88,,ADJUSTED,-30.016,GEOID18,33.037,980278.8,,,,,,,,2,0,,,,RI,61906.5,100433.7,,,,,,,,C,UNK,20211113,GOOD,PROFLN,,DD = SURVEY DISK,34 = SET IN THE FOOTINGS OF SMALL/MEDIUM STRUCTURES,609
,20260103,http://www.ngs.noaa.gov/cgi-bin/ds_mark.prl?PidBox=LW0362,LW0362,611,,,,RI,KENT,WICKFORD (2018),41 36 44.96   (N),071 29 32.34   (W),41.6124888889,-71.4923166667,,NAD 83,(1986),,HD_HELD1,22.352,NAVD 88,,ADJUSTED,-30.050,GEOID18,22.344,980279.5,,,,,,,,2,0,,,,RI,58768.0,100640.4,,,,,,,,C,UNK,20211113,MARK NOT FOUND,PROFLN,,DD = SURVEY DISK,7 = SET IN TOP OF CONCRETE MONUMENT,611
,20260103,http://www.ngs.noaa.gov/cgi-bin/ds_mark.prl?PidBox=LW1039,LW1039,614,,,,RI,WASHINGTON,SLOCUM (2018),41 34 32.68   (N),071 30 59.22   (W),41.5757444444,-71.5164500000,,NAD 83,(1986),,HD_HELD1,67.332,NAVD 88,,ADJUSTED,-30.117,GEOID18,67.308,980275.0,,,,,,,,1,1,,,,RI,54687.1,98628.1,,,,,,,,C,UNK,20011016,MARK NOT FOUND,USPSQD,,DB = BENCH MARK DISK,7 = SET IN TOP OF CONCRETE MONUMENT,614
,20260103,http://www.ngs.noaa.gov/cgi-bin/ds_mark.prl?PidBox=LW1036,LW1036,617,,,,RI,WASHINGTON,SLOCUM (2018),41 32 26.88   (N),071 32 13.90   (W),41.5408000000,-71.5371944444,,NAD 83,(1986),,HD_HELD1,57.123,NAVD 88,,ADJUSTED,-30.179,GEOID18,57.103,980274.7,,,,,,,,1,1,,,,RI,50806.6,96896.4,,,,,,,,A,UNK,20011016,MARK NOT FOUND,USPSQD,,DB = BENCH MARK DISK,66 = SET IN ROCK OUTCROP,617
,20260103,http://www.ngs.noaa.gov/cgi-bin/ds_mark.prl?PidBox=LW1034,LW1034,618,,,,RI,WASHINGTON,SLOCUM (2018),41 31 47.70   (N),071 32 57.61   (W),41.5299166667,-71.5493361111,,NAD 83,(1986),,HD_HELD1,68.053,NAVD 88,,ADJUSTED,-30.201,GEOID18,68.029,980274.2,,,,,,,,1,1,,,,RI,49598.3,95882.5,,,,,,,,C,UNK,20011016,MARK NOT FOUND,USPSQD,,DB = BENCH MARK DISK,80 = SET IN A BOULDER,618
,20260103,http://www.ngs.noaa.gov/cgi-bin/ds_mark.prl?PidBox=LW0788,LW0788,621,,,,RI,WASHINGTON,KINGSTON (2018),41 29 32.     (N),071 34 27.     (W),41.4922222222,-71.5741666667,,NAD 83,(1986),,SCALED,35.008,NAVD 88,,ADJUSTED,-30.276,GEOID18,34.996,980274.0,,,,,,,,1,1,,,,RI,45410.,93810.,,,,,,,,C,UNK,20011010,MARK NOT FOUND,USPSQD,,DB = BENCH MARK DISK,7 = SET IN TOP OF CONCRETE MONUMENT,621
,20260103,http://www.ngs.noaa.gov/cgi-bin/ds_mark.prl?PidBox=LW0786,LW0786,622,,,,RI,WASHINGTON,KINGSTON (2018),41 28 55.     (N),071 35 24.     (W),41.4819444444,-71.5900000000,,NAD 83,(1986),,SCALED,37.212,NAVD 88,,ADJUSTED,-30.302,GEOID18,37.199,980274.2,,,,,,,,1,1,,,,RI,44270.,92480.,,,,,,,,C,UNK,19971001,MARK NOT FOUND,USPSQD,,DB = BENCH MARK DISK,7 = SET IN TOP OF CONCRETE MONUMENT,622
,20260103,http://www.ngs.noaa.gov/cgi-bin/ds_mark.prl?PidBox=LW0784,LW0784,623,,,,RI,WASHINGTON,KINGSTON (2018),41 28 36.     (N),071 36 18.     (W),41.4766666667,-71.6050000000,,NAD 83,(1986),,SCALED,32.183,NAVD 88,,ADJUSTED,-30.321,GEOID18,32.172,980274.2,,,,,,,,1,1,,,,RI,43690.,91230.,,,,,,,,B,UNK,19971001,GOOD,USPSQD,,DB = BENCH MARK DISK,36 = SET IN A MASSIVE STRUCTURE,623
,20260103,http://www.ngs.noaa.gov/cgi-bin/ds_mark.prl?PidBox=LW0783,LW0783,624,,,,RI,WASHINGTON,KINGSTON (2018),41 28 09.     (N),071 37 07.     (W),41.4691666667,-71.6186111111,,NAD 83,(1986),,SCALED,43.253,NAVD 88,,ADJUSTED,-30.340,GEOID18,43.238,980274.4,,,,,,,,1,1,,,,RI,42860.,90090.,,,,,,,,A,UNK,19980921,GOOD,USPSQD,,DB = BENCH MARK DISK,66 = SET IN ROCK OUTCROP,624
,20260103,http://www.ngs.noaa.gov/cgi-bin/ds_mark.prl?PidBox=LW0780,LW0780,625,,,,RI,WASHINGTON,KINGSTON (2018),41 27 09.     (N),071 37 03.     (W),41.4525000000,-71.6175000000,,NAD 83,(1986),,SCALED,29.180,NAVD 88,,ADJUSTED,-30.361,GEOID18,29.170,980275.4,,,,,,,,1,1,,,,RI,41010.,90180.,,,,,,,,A,UNK,19980921,MARK NOT FOUND,USPSQD,,DB = BENCH MARK DISK,66 = SET IN ROCK OUTCROP,625
,20260103,http://www.ngs.noaa.gov/cgi-bin/ds_mark.prl?PidBox=LW0778,LW0778,626,,,,RI,WASHINGTON,KINGSTON (2018),41 26 47.     (N),071 37 16.     (W),41.4463888889,-71.6211111111,,NAD 83,(1986),,SCALED,30.796,NAVD 88,,ADJUSTED,-30.372,GEOID18,30.785,980275.7,,,,,,,,1,1,,,,RI,40330.,89880.,,,,,,,,B,UNK,20040419,GOOD,USPSQD,Y,DB = BENCH MARK DISK,36 = SET IN A MASSIVE STRUCTURE,626
,20260103,http://www.ngs.noaa.gov/cgi-bin/ds_mark.prl?PidBox=LW0653,LW0653,631,,,,RI,WASHINGTON,NARRAGANSETT PIER (2018),41 23 10.2    (N),071 28 39.1    (W),41.3861666667,-71.4775277778,,NAD 83,(1986),,HD_HELD2,7.49,NAVD 88,,VERTCON3,-30.353,GEOID18,,,,,,,,,,,,,,,RI,33632.,101880.,,,,,,,,C,UNK,20120702,GOOD,GEOCAC,Y,DB = BENCH MARK DISK,80 = SET IN A BOULDER,631
,20260103,http://www.ngs.noaa.gov/cgi-bin/ds_mark.prl?PidBox=LW0656,LW0656,632,,,,RI,WASHINGTON,NARRAGANSETT PIER OE S (2018),41 22 22.     (N),071 29 09.     (W),41.3727777778,-71.4858333333,,NAD 83,(1986),,SCALED,6.09,NAVD 88,,VERTCON3,-30.381,GEOID18,,,,,,,,,,,,,,,RI,32150.,101190.,,,,,,,,C,UNK,20120703,MARK NOT FOUND,GEOCAC,,DB = BENCH MARK DISK,7 = SET IN TOP OF CONCRETE MONUMENT,632
,20260103,http://www.ngs.noaa.gov/cgi-bin/ds_mark.prl?PidBox=LW5233,LW5233,638,,,,RI,PROVIDENCE,ATTLEBORO (2018),41 53 43.     (N),071 21 16.     (W),41.8952777778,-71.3544444444,,NAD 83,(1986),,SCALED,28.199,NAVD 88,,ADJUSTED,-29.247,GEOID18,28.190,980328.5,,,,,,,,2,2,,,,RI,90190.,112080.,,,,,,,,C,UNK,1986,GOOD,RIGS,,DB = BENCH MARK DISK,7 = SET IN TOP OF CONCRETE MONUMENT,638
,20260103,http://www.ngs.noaa.gov/cgi-bin/ds_mark.prl?PidBox=LW1468,LW1468,641,,,,RI,PROVIDENCE,GEORGIAVILLE (2018),41 54 37.1    (N),071 32 05.3    (W),41.9103055556,-71.5348055556,,NAD 83,(1986),,HD_HELD2,80.326,NAVD 88,,ADJUSTED,-29.488,GEOID18,80.299,980295.3,,,,,,,,2,0,,,,RI,91846.,97112.,,,,,,,,C,UNK,20110618,GOOD,GEOCAC,N,DB = BENCH MARK DISK,80 = SET IN A BOULDER,641
,20260103,http://www.ngs.noaa.gov/cgi-bin/ds_mark.prl?PidBox=LW1469,LW1469,642,,,,RI,PROVIDENCE,GEORGIAVILLE (2018),41 55 01.     (N),071 31 16.     (W),41.9169444444,-71.5211111111,,NAD 83,(1986),,SCALED,105.214,NAVD 88,,ADJUSTED,-29.452,GEOID18,105.180,980298.8,,,,,,,,2,0,,,,RI,92580.,98250.,,,,,,,,A,UNK,1969,GOOD,CGS,,DB = BENCH MARK DISK,66 = SET IN ROCK OUTCROP,642
,20260103,http://www.ngs.noaa.gov/cgi-bin/ds_mark.prl?PidBox=LW1470,LW1470,643,,,,RI,PROVIDENCE,GEORGIAVILLE (2018),41 55 23.     (N),071 30 32.     (W),41.9230555556,-71.5088888889,,NAD 83,(1986),,SCALED,126.132,NAVD 88,,ADJUSTED,-29.417,GEOID18,126.092,980302.2,,,,,,,,2,0,,,,RI,93260.,99260.,,,,,,,,B,UNK,1969,GOOD,CGS,,DB = BENCH MARK DISK,65 = SET IN UNSPECIFIED ROCK OR BOULDER,643
,20260103,http://www.ngs.noaa.gov/cgi-bin/ds_mark.prl?PidBox=LW0414,LW0414,644,,,,RI,PROVIDENCE,PAWTUCKET (2018),41 55 51.18   (N),071 29 38.08   (W),41.9308833333,-71.4939111111,,NAD 83,(1986),,HD_HELD1,118.176,NAVD 88,,ADJUSTED,-29.373,GEOID18,118.139,980307.3,,,,,,,,2,0,,,,RI,94131.5,100505.0,,,,,,,,A,UNK,20120504,GOOD,GEOCAC,Y,DB = BENCH MARK DISK,66 = SET IN ROCK OUTCROP,644
,20260103,http://www.ngs.noaa.gov/cgi-bin/ds_mark.prl?PidBox=LW0422,LW0422,645,,,,RI,PROVIDENCE,PAWTUCKET (2018),41 56 06.     (N),071 28 31.     (W),41.9350000000,-71.4752777778,,NAD 83,(1986),,SCALED,86.416,NAVD 88,,ADJUSTED,-29.330,GEOID18,86.389,980312.0,,,,,,,,2,0,,,,RI,94590.,102050.,,,,,,,,A,UNK,1969,GOOD,CGS,,DB = BENCH MARK DISK,66 = SET IN ROCK OUTCROP,645
,20260103,http://www.ngs.noaa.gov/cgi-bin/ds_mark.prl?PidBox=LW1644,LW1644,645 RESET,,,,RI,PROVIDENCE,PAWTUCKET (2018),41 56 06.     (N),071 28 31.     (W),41.9350000000,-71.4752777778,,NAD 83,(1986),,SCALED,87.51,NAVD 88,,VERTCON3,-29.330,GEOID18,,,,,,,,,,,,,,,RI,94590.,102050.,,,,,,,,A,1976,20111230,GOOD,GEOCAC,,DV = VERTICAL CONTROL DISK,66 = SET IN ROCK OUTCROP,645 RIBPR RESET 1976
,20260103,http://www.ngs.noaa.gov/cgi-bin/ds_mark.prl?PidBox=LW5258,LW5258,651 RESET,,,,RI,PROVIDENCE,GEORGIAVILLE (2018),41 54 27.     (N),071 30 35.     (W),41.9075000000,-71.5097222222,,NAD 83,(1986),,SCALED,89.851,NAVD 88,,ADJUSTED,-29.456,GEOID18,89.822,980300.5,,,,,,,,2,2,,,,RI,91530.,99190.,,,,,,,,B,1985,1988,GOOD,RIGS,,DD = SURVEY DISK,38 = SET IN THE ABUTMENT OR PIER OF A LARGE BRIDGE,651 RESET 1970
,20260103,http://www.ngs.noaa.gov/cgi-bin/ds_mark.prl?PidBox=LW1269,LW1269,669,,,,RI,PROVIDENCE,NORTH SCITUATE (2018),41 50 21.     (N),071 36 36.     (W),41.8391666667,-71.6100000000,,NAD 83,(1986),,SCALED,89.039,NAVD 88,,ADJUSTED,-29.701,GEOID18,89.008,980279.5,,,,,,,,2,0,,,,RI,83950.,90860.,,,,,,,,C,UNK,1987,MARK NOT FOUND,USPSQD,,DB = BENCH MARK DISK,34 = SET IN THE FOOTINGS OF SMALL/MEDIUM STRUCTURES,669
,20260103,http://www.ngs.noaa.gov/cgi-bin/ds_mark.prl?PidBox=LW0435,LW0435,67,,,,RI,PROVIDENCE,PROVIDENCE (2018),41 51 30.42   (N),071 29 08.71   (W),41.8584500000,-71.4857527778,,NAD 83,(1986),,HD_HELD1,33.572,NAVD 88,,ADJUSTED,-29.525,GEOID18,33.561,980302.1,,,,,,,,2,0,,,,RI,86086.4,101183.0,,,,,,,,C,UNK,1969,GOOD,CGS,,DB = BENCH MARK DISK,7 = SET IN TOP OF CONCRETE MONUMENT,67
,20260103,http://www.ngs.noaa.gov/cgi-bin/ds_mark.prl?PidBox=LW1189,LW1189,673,,,,RI,PROVIDENCE,CLAYVILLE (2018),41 50 31.5    (N),071 40 35.0    (W),41.8420833333,-71.6763888889,,NAD 83,(1986),,HD_HELD2,218.089,NAVD 88,,ADJUSTED,-29.725,GEOID18,218.014,980273.3,,,,,,,,2,0,,,,RI,84283.,85350.,,,,,,,,C,UNK,20220908,GOOD,PROFLN,,DB = BENCH MARK DISK,80 = SET IN A BOULDER,673
