FeatureId,DATA_DATE,DATA_SRCE,PID,NAME,HT_MOD,CORS_ID,PACS_SACS,STATE,COUNTY,QUAD,LATITUDE,LONGITUDE,DEC_LAT,DEC_LON,ELLIP_HT,POS_DATUM,DATUM_TAG,POS_EPOCH,POS_SRCE,ORTHO_HT,VERT_DATUM,VERT_EPOCH,VERT_SRCE,GEOID_HT,GEOID_MOD,DYNAMIC_HT,MODEL_GRAV,N_ACC_HZ,N_ACC_EH,N_ACC_STDN,N_ACC_STDE,N_ACC_STDH,N_ACC_CORR,POS_ORDER,VERT_ORDER,VERT_CLASS,ECEF_X,ECEF_Y,ECEF_Z,SPC_ZONE,SPC_NORTH,SPC_EAST,SPC_CONV,SPC_CSF,UTM_ZONE,UTM_NORTH,UTM_EAST,UTM_CONV,UTM_CSF,STABILITY,FIRST_RECV,LAST_RECV,LAST_COND,LAST_RECBY,SAT_USE,MARKER,SETTING,STAMPING
,20260103,http://www.ngs.noaa.gov/cgi-bin/ds_mark.prl?PidBox=LN0633,LN0633,1 11 X,,,,UT,UINTAH,BONANZA (2017),40 00 33.19480(N),109 10 49.87773(W),40.0092207778,-109.1805215917,,NAD 83,(1994),,ADJUSTED,1787.9,NAVD 88,,VERTCON3,-17.228,GEOID18,,,,,,,,,3,,,,,,UT C,2188622.522,698001.244,+1 29 08.9,0.99962575,12,4430366.183,655293.819,+1 10 12.0,0.99989689,,1966,1966,MONUMENTED,USGS,,W = UNMONUMENTED,0 = UNSPECIFIED SETTING,
,20260103,http://www.ngs.noaa.gov/cgi-bin/ds_mark.prl?PidBox=KM0372,KM0372,1 4 A,,,,UT,UINTAH,BIG PACK MOUNTAIN NW (2017),39 55 02.35421(N),109 42 20.31873(W),39.9173206139,-109.7056440917,,NAD 83,(1994),,ADJUSTED,1626.6,NAVD 88,,VERTCON3,-17.756,GEOID18,,,,,,,,,3,,,,,,UT C,2177390.650,653385.961,+1 08 57.9,0.99964754,12,4419382.539,610620.652,+0 49 50.3,0.99975065,,1953,1953,MONUMENTED,USGS,,W = UNMONUMENTED,0 = UNSPECIFIED SETTING,
,20260103,http://www.ngs.noaa.gov/cgi-bin/ds_mark.prl?PidBox=KM0383,KM0383,1 48 A,,,,UT,UINTAH,WOLF FLAT (2017),39 30 37.00106(N),109 45 54.19633(W),39.5102780722,-109.7650545361,,NAD 83,(1994),,ADJUSTED,2227.2,NAVD 88,,VERTCON3,-17.260,GEOID18,,,,,,,,,3,,,,,,UT C,2132109.750,649184.540,+1 06 40.9,0.99956822,12,4374133.157,606165.337,+0 47 08.8,0.99973877,,1960,1960,MONUMENTED,USGS,,W = UNMONUMENTED,0 = UNSPECIFIED SETTING,
,20260103,http://www.ngs.noaa.gov/cgi-bin/ds_mark.prl?PidBox=HO0582,HO0582,1 5B,,,,UT,GARFIELD,HAYCOCK MOUNTAIN (2017),37 38 06.87560(N),112 33 22.26797(W),37.6352432222,-112.5561855472,,NAD 83,(1994),,ADJUSTED,2609.6,NAVD 88,,VERTCON3,-20.332,GEOID18,,,,,,,,,3,,,,,,UT S,3108022.059,406781.237,-0 38 49.6,0.99954852,12,4166484.542,362692.778,-0 57 01.5,0.99983222,A,1957,1957,MONUMENTED,USGS,,N = NAIL,66 = SET IN ROCK OUTCROP,
,20260103,http://www.ngs.noaa.gov/cgi-bin/ds_mark.prl?PidBox=HO0583,HO0583,1 6A,,,,UT,GARFIELD,ASAY BENCH (2017),37 36 40.34060(N),112 30 34.68391(W),37.6112057222,-112.5096344194,,NAD 83,(1994),,ADJUSTED,2451.7,NAVD 88,,VERTCON3,-20.451,GEOID18,,,,,,,,,3,,,,,,UT S,3105309.047,410860.866,-0 37 06.9,0.99957448,12,4163750.342,366757.471,-0 55 17.3,0.99981868,A,1957,1957,MONUMENTED,USGS,,N = NAIL,66 = SET IN ROCK OUTCROP,
,20260103,http://www.ngs.noaa.gov/cgi-bin/ds_mark.prl?PidBox=JO0651,JO0651,1 DOR,,,,UT,BEAVER,PINE VALLEY HARDPAN SOUTH (2017),38 31 41.     (N),113 40 22.     (W),38.5280555556,-113.6727777778,,NAD 83,(1986),,SCALED,1591.612,NAVD 88,,POSTED,-21.330,GEOID18,1589.92,979510.0,,,,,,,,,,,,,UT S,3208800.,310550.,,,,,,,,B,1971,1971,MONUMENTED,USGS,,DB = BENCH MARK DISK,46 = COPPER-CLAD STEEL ROD W/O SLEEVE (10 FT.+),1 DOR 1971 5218
,20260103,http://www.ngs.noaa.gov/cgi-bin/ds_mark.prl?PidBox=HO0671,HO0671,1 DOR,,,,UT,WASHINGTON,ENTERPRISE (2017),37 35 02.     (N),113 43 06.     (W),37.5838888889,-113.7183333333,,NAD 83,(1986),,SCALED,1618.249,NAVD 88,,POSTED,-23.244,GEOID18,1616.40,979432.4,,,,,,,,,,,,,UT S,3104120.,304090.,,,,,,,,B,1971,1971,MONUMENTED,USGS,Y,DD = SURVEY DISK,46 = COPPER-CLAD STEEL ROD W/O SLEEVE (10 FT.+),1 DOR 1971
,20260103,http://www.ngs.noaa.gov/cgi-bin/ds_mark.prl?PidBox=LO0142,LO0142,1 EMH,,,,UT,DUCHESNE,STRAWBERRY PINNACLES (2017),40 12 25.7    (N),110 43 50.4    (W),40.2071388889,-110.7306666667,,NAD 83,(1986),,HD_HELD2,2033.668,NAVD 88,,ADJUSTED,-16.273,GEOID18,2031.598,979535.5,,,,,,,,2,0,,,,UT C,2208311.,565491.,,,,,,,,D,1959,1962,GOOD,CGS,,DD = SURVEY DISK,30 = SET IN A LIGHT STRUCTURE,1 EMH 6668 1959
,20260103,http://www.ngs.noaa.gov/cgi-bin/ds_mark.prl?PidBox=MS0586,MS0586,1 FMK,,,,UT,BOX ELDER,SUNSET PASS (2017),41 38 00.4    (N),112 32 53.8    (W),41.6334444444,-112.5482777778,,NAD 83,(1986),,HD_HELD2,1515.871,NAVD 88,,ADJUSTED,-15.692,GEOID18,1514.789,979855.7,,,,,,,,1,2,,,,UT N,1144907.,412657.,,,,,,,,D,1966,1984,GOOD,NGS,,DB = BENCH MARK DISK,15 = METAL ROD DRIVEN INTO GROUND. SEE TEXT FOR ADDITIONAL INFORMATION.,4970 1 FMK 1966
,20260103,http://www.ngs.noaa.gov/cgi-bin/ds_mark.prl?PidBox=MR0562,MR0562,1 FMK,,,,UT,MORGAN,SNOW BASIN (2017),41 08 13.     (N),111 47 45.     (W),41.1369444444,-111.7958333333,,NAD 83,(1986),,SCALED,1477.975,NAVD 88,,ADJUSTED,-16.256,GEOID18,1476.784,979767.1,,,,,,,,1,2,,,,UT N,1089280.,475160.,,,,,,,,C,1974,1983,GOOD,NGS,,DB = BENCH MARK DISK,32 = SET IN A RETAINING WALL OR CONCRETE LEDGE,1 FMK 1974
,20260103,http://www.ngs.noaa.gov/cgi-bin/ds_mark.prl?PidBox=KN0081,KN0081,1 FMK,,,,UT,EMERY,POISON SPRING BENCH (2017),39 22 52.5    (N),110 54 33.4    (W),39.3812500000,-110.9092777778,,NAD 83,(1986),,HD_HELD2,1800.67,NAVD 88,,VERTCON3,-17.143,GEOID18,,,,,,,,,,,,,,,UT C,2116507.,550892.,,,,,,,,B,1969,20091022,GOOD,GEOCAC,,DD = SURVEY DISK,46 = COPPER-CLAD STEEL ROD W/O SLEEVE (10 FT.+),1 FMK 1969
,20260103,http://www.ngs.noaa.gov/cgi-bin/ds_mark.prl?PidBox=JO0217,JO0217,1 HJH,,,,UT,MILLARD,BLACK ROCK (2017),38 39 10.5    (N),112 58 55.6    (W),38.6529166667,-112.9821111111,,NAD 83,(1986),,HD_HELD2,1493.925,NAVD 88,,ADJUSTED,-20.553,GEOID18,1492.427,979573.7,,,,,,,,1,1,,,,UT C,2036551.,370977.,,,,,,,,C,1958,20110929,GOOD,GEOCAC,Y,DB = BENCH MARK DISK,7 = SET IN TOP OF CONCRETE MONUMENT,1 HJH 4898 1958
,20260103,http://www.ngs.noaa.gov/cgi-bin/ds_mark.prl?PidBox=HO0645,HO0645,1 LRC,,,,UT,WASHINGTON,CASTLE CLIFF (2017),37 03 54.54   (N),113 53 18.33   (W),37.0651500000,-113.8884250000,,NAD 83,(1986),,HD_HELD1,1125.764,NAVD 88,,ADJUSTED,-24.879,GEOID18,1124.594,979553.5,,,,,,,,1,2,,,,UT S,3046937.8,287600.7,,,,,,,,A,1973,20060928,GOOD,GEOCAC,Y,DD = SURVEY DISK,66 = SET IN ROCK OUTCROP,3691 FT 1 LRC 1973
,20260103,http://www.ngs.noaa.gov/cgi-bin/ds_mark.prl?PidBox=JO0642,JO0642,10 DOR,,,,UT,BEAVER,LAMERDORF PEAK NW (2017),38 24 18.     (N),113 41 57.     (W),38.4050000000,-113.6991666667,,NAD 83,(1986),,SCALED,1697.572,NAVD 88,,POSTED,-21.460,GEOID18,1695.72,979478.7,,,,,,,,,,,,,UT S,3195190.,307930.,,,,,,,,B,1971,1971,MONUMENTED,USGS,,DB = BENCH MARK DISK,46 = COPPER-CLAD STEEL ROD W/O SLEEVE (10 FT.+),10 DOR 1971 5566
,20260103,http://www.ngs.noaa.gov/cgi-bin/ds_mark.prl?PidBox=MS0648,MS0648,10 FMK,,,,UT,BOX ELDER,WARM SPRING HILLS (2017),41 41 06.     (N),113 32 22.     (W),41.6850000000,-113.5394444444,,NAD 83,(1986),,SCALED,1582.311,NAVD 88,,ADJUSTED,-15.637,GEOID18,1581.148,979831.9,,,,,,,,1,2,,,,UT N,1152100.,330220.,,,,,,,,B,1971,1984,GOOD,NGS,,DD = SURVEY DISK,46 = COPPER-CLAD STEEL ROD W/O SLEEVE (10 FT.+),10 FMK 1971 5188
,20260103,http://www.ngs.noaa.gov/cgi-bin/ds_mark.prl?PidBox=AH7042,AH7042,10 GWM,,,,UT,BOX ELDER,LUCIN NW (2017),41 27 12.79261(N),113 57 04.54393(W),41.4535535028,-113.9512622028,,NAD 83,(1994),,ADJUSTED,1469.02,NAVD 88,,VERTCON3,-16.486,GEOID18,,,,,,,,,3,,,,,,UT N,1127290.065,295217.550,-1 36 58.5,0.99973532,12,4593312.749,253489.915,-1 57 17.1,1.00034790,D,1939,1939,MONUMENTED,USGS,,Z = SEE DESCRIPTION,0 = UNSPECIFIED SETTING,10 GWM 1939 4816
,20260103,http://www.ngs.noaa.gov/cgi-bin/ds_mark.prl?PidBox=MS0525,MS0525,100 FMK,,,,UT,BOX ELDER,DOLPHIN ISLAND WEST (2017),41 23 06.     (N),113 04 42.     (W),41.3850000000,-113.0783333333,,NAD 83,(1986),,SCALED,1313.552,NAVD 88,,ADJUSTED,-16.533,GEOID18,1312.646,979887.9,,,,,,,,2,0,,,,UT N,1117990.,368000.,,,,,,,,D,1966,1966,MONUMENTED,USGS,,DB = BENCH MARK DISK,15 = METAL ROD DRIVEN INTO GROUND. SEE TEXT FOR ADDITIONAL INFORMATION.,100 FMK 1966
,20260103,http://www.ngs.noaa.gov/cgi-bin/ds_mark.prl?PidBox=HN0490,HN0490,100 WF,,,,UT,KANE,BIG HOLLOW WASH (2017),37 26 27.4    (N),111 11 17.2    (W),37.4409444444,-111.1881111111,,NAD 83,(1986),,HD_HELD2,1411.980,NAVD 88,,ADJUSTED,-22.048,GEOID18,1410.390,979455.5,,,,,,,,2,0,,,,UT S,3085978.,527600.,,,,,,,,A,1952,1963,GOOD,CGS,,DD = SURVEY DISK,66 = SET IN ROCK OUTCROP,100 W F 1952 4630
,20260103,http://www.ngs.noaa.gov/cgi-bin/ds_mark.prl?PidBox=KN0387,KN0387,10075,,,,UT,EMERY,RILDA CANYON (2017),39 23 29.96544(N),111 14 04.84421(W),39.3916570667,-111.2346789472,,NAD 83,(1994),,ADJUSTED,3073.,NAVD 88,,SCALED,-16.034,GEOID18,,,,,,,,,2,,,,,,UT C,2117527.978,522854.895,+0 10 11.9,0.99944916,12,4360266.918,479791.234,-0 08 56.2,0.99960503,C,1938,1938,MONUMENTED,CGS,,DB = BENCH MARK DISK,80 = SET IN A BOULDER,
,20260103,http://www.ngs.noaa.gov/cgi-bin/ds_mark.prl?PidBox=HO0679,HO0679,101 DOR,,,,UT,IRON,HEIST (2017),37 51 38.     (N),113 49 07.     (W),37.8605555556,-113.8186111111,,NAD 83,(1986),,SCALED,1599.202,NAVD 88,,POSTED,-22.856,GEOID18,1597.42,979456.4,,,,,,,,,,,,,UT S,3135030.,296000.,,,,,,,,C,1971,1971,MONUMENTED,USGS,,DB = BENCH MARK DISK,32 = SET IN A RETAINING WALL OR CONCRETE LEDGE,101 DOR 1971 5243
,20260103,http://www.ngs.noaa.gov/cgi-bin/ds_mark.prl?PidBox=MS0519,MS0519,101 FMK,,,,UT,BOX ELDER,HOGUP RIDGE NORTH (2017),41 22 00.     (N),113 05 30.     (W),41.3666666667,-113.0916666667,,NAD 83,(1986),,SCALED,1295.101,NAVD 88,,ADJUSTED,-16.580,GEOID18,1294.207,979888.8,,,,,,,,2,0,,,,UT N,1115970.,366840.,,,,,,,,B,1966,1966,MONUMENTED,USGS,,DB = BENCH MARK DISK,46 = COPPER-CLAD STEEL ROD W/O SLEEVE (10 FT.+),101 FMK 1966
,20260103,http://www.ngs.noaa.gov/cgi-bin/ds_mark.prl?PidBox=HO0680,HO0680,102 DOR,,,,UT,IRON,HEIST (2017),37 51 25.     (N),113 49 55.     (W),37.8569444444,-113.8319444444,,NAD 83,(1986),,SCALED,1607.024,NAVD 88,,POSTED,-22.864,GEOID18,1605.23,979455.7,,,,,,,,,,,,,UT S,3134660.,294810.,,,,,,,,C,1971,1971,MONUMENTED,USGS,,DB = BENCH MARK DISK,32 = SET IN A RETAINING WALL OR CONCRETE LEDGE,102 DOR 1971 5269
,20260103,http://www.ngs.noaa.gov/cgi-bin/ds_mark.prl?PidBox=MS0520,MS0520,102 FMK,,,,UT,BOX ELDER,HOGUP RIDGE NORTH (2017),41 21 13.     (N),113 06 06.     (W),41.3536111111,-113.1016666667,,NAD 83,(1986),,SCALED,1307.633,NAVD 88,,ADJUSTED,-16.612,GEOID18,1306.731,979888.1,,,,,,,,2,0,,,,UT N,1114540.,365980.,,,,,,,,B,1966,1966,MONUMENTED,USGS,,DB = BENCH MARK DISK,46 = COPPER-CLAD STEEL ROD W/O SLEEVE (10 FT.+),102 FMK 1966
,20260103,http://www.ngs.noaa.gov/cgi-bin/ds_mark.prl?PidBox=HN0495,HN0495,102 WF,,,,UT,KANE,BIG HOLLOW WASH (2017),37 23 50.6    (N),111 08 55.6    (W),37.3973888889,-111.1487777778,,NAD 83,(1986),,HD_HELD2,1468.303,NAVD 88,,ADJUSTED,-22.245,GEOID18,1466.616,979430.8,,,,,,,,2,0,,,,UT S,3081156.,531099.,,,,,,,,C,1952,1963,GOOD,CGS,,DD = SURVEY DISK,7 = SET IN TOP OF CONCRETE MONUMENT,102 W F 1952 4815
,20260103,http://www.ngs.noaa.gov/cgi-bin/ds_mark.prl?PidBox=HO0681,HO0681,103 DOR,,,,UT,IRON,HEIST (2017),37 50 54.     (N),113 51 42.     (W),37.8483333333,-113.8616666667,,NAD 83,(1986),,SCALED,1623.359,NAVD 88,,POSTED,-22.876,GEOID18,1621.54,979452.7,,,,,,,,,,,,,UT S,3133770.,292180.,,,,,,,,C,1971,1971,MONUMENTED,USGS,,DB = BENCH MARK DISK,32 = SET IN A RETAINING WALL OR CONCRETE LEDGE,103 DOR 1971 5322
,20260103,http://www.ngs.noaa.gov/cgi-bin/ds_mark.prl?PidBox=MS0521,MS0521,103 FMK,,,,UT,BOX ELDER,HOGUP RIDGE NORTH (2017),41 20 17.     (N),113 06 14.     (W),41.3380555556,-113.1038888889,,NAD 83,(1986),,SCALED,1291.358,NAVD 88,,ADJUSTED,-16.657,GEOID18,1290.465,979887.2,,,,,,,,2,0,,,,UT N,1112810.,365760.,,,,,,,,B,1966,1966,MONUMENTED,USGS,,DB = BENCH MARK DISK,46 = COPPER-CLAD STEEL ROD W/O SLEEVE (10 FT.+),103 FMK 1966
,20260103,http://www.ngs.noaa.gov/cgi-bin/ds_mark.prl?PidBox=HN0498,HN0498,103 WF,,,,UT,KANE,BLACKBURN CANYON (2017),37 22 21.1    (N),111 07 40.4    (W),37.3725277778,-111.1278888889,,NAD 83,(1986),,HD_HELD2,1430.316,NAVD 88,,ADJUSTED,-22.332,GEOID18,1428.663,979426.5,,,,,,,,2,0,,,,UT S,3078404.,532959.,,,,,,,,C,1952,1963,GOOD,CGS,,DD = SURVEY DISK,80 = SET IN A BOULDER,103 W F 1952 4690
,20260103,http://www.ngs.noaa.gov/cgi-bin/ds_mark.prl?PidBox=LO1114,LO1114,10380 VA,,,,UT,SUMMIT,ELIZABETH MOUNTAIN (2017),40 58 37.09288(N),110 43 50.35171(W),40.9769702444,-110.7306532528,,NAD 83,(1994),,ADJUSTED,3158.6,NAVD 88,,VERTCON3,-13.202,GEOID18,,,,,,,,,2,,,,,,UT N,1071761.862,564748.751,+0 30 26.2,0.99947507,12,4536235.473,522660.368,+0 10 35.9,0.99960632,D,1962,1966,GOOD,USGS,,DB = BENCH MARK DISK,17 = SET INTO TOP OF METAL PIPE DRIVEN INTO GROUND,10380 VA
,20260103,http://www.ngs.noaa.gov/cgi-bin/ds_mark.prl?PidBox=HO0682,HO0682,104 DOR,,,,UT,IRON,MODENA (2017),37 50 29.     (N),113 52 42.     (W),37.8413888889,-113.8783333333,,NAD 83,(1986),,SCALED,1633.822,NAVD 88,,POSTED,-22.886,GEOID18,1631.99,979450.5,,,,,,,,,,,,,UT S,3133040.,290690.,,,,,,,,B,1971,1971,MONUMENTED,USGS,,DB = BENCH MARK DISK,46 = COPPER-CLAD STEEL ROD W/O SLEEVE (10 FT.+),104 DOR 1971 5357
,20260103,http://www.ngs.noaa.gov/cgi-bin/ds_mark.prl?PidBox=MS0522,MS0522,104 FMK,,,,UT,BOX ELDER,HOGUP RIDGE NORTH (2017),41 19 20.     (N),113 06 28.     (W),41.3222222222,-113.1077777778,,NAD 83,(1986),,SCALED,1291.602,NAVD 88,,ADJUSTED,-16.695,GEOID18,1290.708,979886.6,,,,,,,,2,0,,,,UT N,1111060.,365400.,,,,,,,,D,1966,1966,MONUMENTED,USGS,,DB = BENCH MARK DISK,15 = METAL ROD DRIVEN INTO GROUND. SEE TEXT FOR ADDITIONAL INFORMATION.,104 FMK USGS
,20260103,http://www.ngs.noaa.gov/cgi-bin/ds_mark.prl?PidBox=HN0501,HN0501,104 WF,,,,UT,KANE,SOONER BENCH (2017),37 21 24.52   (N),111 06 09.37   (W),37.3568111111,-111.1026027778,,NAD 83,(1986),,HD_HELD1,1410.820,NAVD 88,,ADJUSTED,-22.416,GEOID18,1409.223,979450.3,,,,,,,,2,0,,,,UT S,3076669.2,535206.2,,,,,,,,A,1952,1963,GOOD,CGS,,DD = SURVEY DISK,66 = SET IN ROCK OUTCROP,104 W F 1952 4626
,20260103,http://www.ngs.noaa.gov/cgi-bin/ds_mark.prl?PidBox=HO0683,HO0683,105 DOR,,,,UT,IRON,MODENA (2017),37 50 03.     (N),113 53 19.     (W),37.8341666667,-113.8886111111,,NAD 83,(1986),,SCALED,1640.505,NAVD 88,,POSTED,-22.899,GEOID18,1638.66,979449.7,,,,,,,,,,,,,UT S,3132260.,289760.,,,,,,,,C,1971,1971,MONUMENTED,USGS,,DB = BENCH MARK DISK,32 = SET IN A RETAINING WALL OR CONCRETE LEDGE,105 DOR 1971 5378
,20260103,http://www.ngs.noaa.gov/cgi-bin/ds_mark.prl?PidBox=MS0574,MS0574,105 FMK,,,,UT,BOX ELDER,HOGUP RIDGE NORTH (2017),41 18 33.     (N),113 06 44.     (W),41.3091666667,-113.1122222222,,NAD 83,(1986),,SCALED,1315.040,NAVD 88,,ADJUSTED,-16.725,GEOID18,1314.131,979886.1,,,,,,,,2,0,,,,UT N,1109620.,365010.,,,,,,,,B,1966,1966,MONUMENTED,USGS,,DB = BENCH MARK DISK,46 = COPPER-CLAD STEEL ROD W/O SLEEVE (10 FT.+),105 FMK 1966
,20260103,http://www.ngs.noaa.gov/cgi-bin/ds_mark.prl?PidBox=HN0504,HN0504,105 WF,,,,UT,KANE,SOONER BENCH (2017),37 20 20.     (N),111 05 04.     (W),37.3388888889,-111.0844444444,,NAD 83,(1986),,SCALED,1383.531,NAVD 88,,ADJUSTED,-22.493,GEOID18,1381.958,979446.3,,,,,,,,2,0,,,,UT S,3074690.,536820.,,,,,,,,C,1952,1963,GOOD,CGS,,DD = SURVEY DISK,7 = SET IN TOP OF CONCRETE MONUMENT,105 W F 1952 4537
,20260103,http://www.ngs.noaa.gov/cgi-bin/ds_mark.prl?PidBox=HO0684,HO0684,106 DOR,,,,UT,IRON,MODENA (2017),37 48 55.     (N),113 53 34.     (W),37.8152777778,-113.8927777778,,NAD 83,(1986),,SCALED,1653.082,NAVD 88,,POSTED,-22.950,GEOID18,1651.23,979451.4,,,,,,,,,,,,,UT S,3130170.,289340.,,,,,,,,C,1971,1971,MONUMENTED,USGS,,DB = BENCH MARK DISK,32 = SET IN A RETAINING WALL OR CONCRETE LEDGE,106 DOR 1971 5420
,20260103,http://www.ngs.noaa.gov/cgi-bin/ds_mark.prl?PidBox=MS0523,MS0523,106 FMK,,,,UT,BOX ELDER,HOGUP RIDGE NORTH (2017),41 17 54.     (N),113 07 14.     (W),41.2983333333,-113.1205555556,,NAD 83,(1986),,SCALED,1347.870,NAVD 88,,ADJUSTED,-16.747,GEOID18,1346.940,979885.8,,,,,,,,2,0,,,,UT N,1108430.,364290.,,,,,,,,D,1966,1966,MONUMENTED,USGS,,DB = BENCH MARK DISK,15 = METAL ROD DRIVEN INTO GROUND. SEE TEXT FOR ADDITIONAL INFORMATION.,106 FMK 1966
,20260103,http://www.ngs.noaa.gov/cgi-bin/ds_mark.prl?PidBox=HN0506,HN0506,106 WF,,,,UT,KANE,SOONER BENCH (2017),37 19 46.     (N),111 03 36.     (W),37.3294444444,-111.0600000000,,NAD 83,(1986),,SCALED,1301.119,NAVD 88,,ADJUSTED,-22.550,GEOID18,1299.605,979424.0,,,,,,,,2,0,,,,UT S,3073650.,539000.,,,,,,,,C,1952,1963,GOOD,CGS,,DD = SURVEY DISK,80 = SET IN A BOULDER,107 W F 1952 4266
,20260103,http://www.ngs.noaa.gov/cgi-bin/ds_mark.prl?PidBox=HO0685,HO0685,107 DOR,,,,UT,IRON,MODENA (2017),37 48 17.2    (N),113 54 20.5    (W),37.8047777778,-113.9056944444,,NAD 83,(1986),,HD_HELD2,1661.990,NAVD 88,,POSTED,-22.971,GEOID18,1660.13,979451.8,,,,,,,,,,,,,UT S,3129036.,288177.,,,,,,,,B,1971,1971,MONUMENTED,USGS,,DB = BENCH MARK DISK,46 = COPPER-CLAD STEEL ROD W/O SLEEVE (10 FT.+),107 DOR 1971 5449
,20260103,http://www.ngs.noaa.gov/cgi-bin/ds_mark.prl?PidBox=MS0524,MS0524,107 FMK,,,,UT,BOX ELDER,MEADOW SPRING (2017),41 16 32.     (N),113 07 34.     (W),41.2755555556,-113.1261111111,,NAD 83,(1986),,SCALED,1300.648,NAVD 88,,ADJUSTED,-16.805,GEOID18,1299.746,979885.1,,,,,,,,2,0,,,,UT N,1105910.,363770.,,,,,,,,D,1966,1966,MONUMENTED,USGS,,DB = BENCH MARK DISK,15 = METAL ROD DRIVEN INTO GROUND. SEE TEXT FOR ADDITIONAL INFORMATION.,107 FMK 1966
,20260103,http://www.ngs.noaa.gov/cgi-bin/ds_mark.prl?PidBox=HN0508,HN0508,107 WF,,,,UT,KANE,SOONER BENCH (2017),37 18 41.     (N),111 02 27.     (W),37.3113888889,-111.0408333333,,NAD 83,(1986),,SCALED,1292.360,NAVD 88,,ADJUSTED,-22.596,GEOID18,1290.827,979401.6,,,,,,,,2,0,,,,UT S,3071650.,540700.,,,,,,,,C,1952,1963,GOOD,CGS,,DD = SURVEY DISK,80 = SET IN A BOULDER,107 W F 1952 4238
,20260103,http://www.ngs.noaa.gov/cgi-bin/ds_mark.prl?PidBox=HN0509,HN0509,107 WF RM,,,,UT,KANE,SOONER BENCH (2017),37 18 41.     (N),111 02 27.     (W),37.3113888889,-111.0408333333,,NAD 83,(1986),,SCALED,1291.767,NAVD 88,,ADJUSTED,-22.596,GEOID18,1290.235,979401.6,,,,,,,,2,0,,,,UT S,3071650.,540700.,,,,,,,,C,1952,1963,GOOD,CGS,,Q = CHISELED SQUARE,80 = SET IN A BOULDER,
,20260103,http://www.ngs.noaa.gov/cgi-bin/ds_mark.prl?PidBox=HO0678,HO0678,108 DOR,,,,UT,IRON,MODENA (2017),37 48 09.7    (N),113 55 17.2    (W),37.8026944444,-113.9214444444,,NAD 83,(1986),,HD_HELD2,1671.972,NAVD 88,,POSTED,-22.971,GEOID18,1670.10,979451.7,,,,,,,,,,,,,UT S,3128841.,286784.,,,,,,,,C,1971,1971,GOOD,USGS,Y,DD = SURVEY DISK,32 = SET IN A RETAINING WALL OR CONCRETE LEDGE,108 DOR 1971 5482
,20260103,http://www.ngs.noaa.gov/cgi-bin/ds_mark.prl?PidBox=MS0336,MS0336,108 FMK,,,,UT,BOX ELDER,HOGUP RIDGE NORTH (2017),41 15 32.     (N),113 07 18.     (W),41.2588888889,-113.1216666667,,NAD 83,(1986),,SCALED,1294.025,NAVD 88,,ADJUSTED,-16.841,GEOID18,1293.127,979884.6,,,,,,,,2,0,,,,UT N,1104050.,364110.,,,,,,,,B,1966,1994,GOOD,NGS,,DB = BENCH MARK DISK,46 = COPPER-CLAD STEEL ROD W/O SLEEVE (10 FT.+),108 FMK 1966
,20260103,http://www.ngs.noaa.gov/cgi-bin/ds_mark.prl?PidBox=HN0512,HN0512,108 WF,,,,UT,KANE,SOONER BENCH (2017),37 18 16.     (N),111 01 38.     (W),37.3044444444,-111.0272222222,,NAD 83,(1986),,SCALED,1299.159,NAVD 88,,ADJUSTED,-22.621,GEOID18,1297.617,979401.0,,,,,,,,2,0,,,,UT S,3070890.,541910.,,,,,,,,C,1952,1963,GOOD,CGS,,DD = SURVEY DISK,80 = SET IN A BOULDER,108 W F 1952 4260
,20260103,http://www.ngs.noaa.gov/cgi-bin/ds_mark.prl?PidBox=LO1040,LO1040,10877 VA,,,,UT,DUCHESNE,BOLLIE LAKE (2017),40 39 33.28237(N),110 09 16.74875(W),40.6592451028,-110.1546524306,,NAD 83,(1994),,ADJUSTED,3317.,NAVD 88,,SCALED,-12.935,GEOID18,,,,,,,,,2,,,,,,UT C,2259085.908,613767.975,+0 51 42.5,0.99948434,12,4501274.650,571460.305,+0 33 02.9,0.99966285,C,UNK,1947,GOOD,CGS,,DB = BENCH MARK DISK,80 = SET IN A BOULDER,10877 VA
,20260103,http://www.ngs.noaa.gov/cgi-bin/ds_mark.prl?PidBox=LO1139,LO1139,10887,,,,UT,SUMMIT,SLADER BASIN (2017),40 52 12.04736(N),111 00 01.55950(W),40.8700131556,-111.0004331944,,NAD 83,(1994),,ADJUSTED,3315.,NAVD 88,,SCALED,-13.893,GEOID18,,,,,,,,,2,,,,,,UT N,1059718.756,542112.486,+0 19 45.8,0.99946131,12,4524327.452,499963.496,-0 00 01.0,0.99960000,C,1938,1962,GOOD,CGS,,DD = SURVEY DISK,80 = SET IN A BOULDER,10887
,20260103,http://www.ngs.noaa.gov/cgi-bin/ds_mark.prl?PidBox=HO0686,HO0686,109 DOR,,,,UT,IRON,MODENA (2017),37 48 47.9    (N),113 55 48.8    (W),37.8133055556,-113.9302222222,,NAD 83,(1986),,HD_HELD2,1694.137,NAVD 88,,POSTED,-22.938,GEOID18,1692.24,979447.4,,,,,,,,,,,,,UT S,3130038.,286042.,,,,,,,,B,1971,1971,MONUMENTED,USGS,,DB = BENCH MARK DISK,46 = COPPER-CLAD STEEL ROD W/O SLEEVE (10 FT.+),109 DOR 1971 5554
,20260103,http://www.ngs.noaa.gov/cgi-bin/ds_mark.prl?PidBox=MS0337,MS0337,109 FMK,,,,UT,BOX ELDER,HOGUP RIDGE NORTH (2017),41 15 22.     (N),113 06 12.     (W),41.2561111111,-113.1033333333,,NAD 83,(1986),,SCALED,1294.802,NAVD 88,,ADJUSTED,-16.838,GEOID18,1293.904,979884.7,,,,,,,,2,0,,,,UT N,1103710.,365640.,,,,,,,,B,1966,1975,GOOD,NGS,,DB = BENCH MARK DISK,46 = COPPER-CLAD STEEL ROD W/O SLEEVE (10 FT.+),109 FMK 1966
,20260103,http://www.ngs.noaa.gov/cgi-bin/ds_mark.prl?PidBox=HN0514,HN0514,109 WF,,,,UT,KANE,SOONER BENCH (2017),37 16 45.     (N),111 01 00.     (W),37.2791666667,-111.0166666667,,NAD 83,(1986),,SCALED,1316.697,NAVD 88,,ADJUSTED,-22.653,GEOID18,1315.104,979378.2,,,,,,,,2,0,,,,UT S,3068090.,542860.,,,,,,,,C,1952,1963,GOOD,CGS,,DD = SURVEY DISK,80 = SET IN A BOULDER,109 W F 1952 4318
,20260103,http://www.ngs.noaa.gov/cgi-bin/ds_mark.prl?PidBox=JO0032,JO0032,11,,,,UT,MILLARD,COVE FORT (2017),38 35 33.     (N),112 30 05.     (W),38.5925000000,-112.5013888889,,NAD 83,(1986),,SCALED,2160.909,NAVD 88,,ADJUSTED,-19.293,GEOID18,2158.405,979392.2,,,,,,,,1,2,,,,UT C,2029260.,412750.,,,,,,,,C,1951,1951,MONUMENTED,BPR,,DD = SURVEY DISK,32 = SET IN A RETAINING WALL OR CONCRETE LEDGE,11 1951
,20260103,http://www.ngs.noaa.gov/cgi-bin/ds_mark.prl?PidBox=JO0641,JO0641,11 DOR,,,,UT,BEAVER,LAMERDORF PEAK NW (2017),38 23 23.     (N),113 42 13.     (W),38.3897222222,-113.7036111111,,NAD 83,(1986),,SCALED,1712.788,NAVD 88,,POSTED,-21.469,GEOID18,1710.91,979474.9,,,,,,,,,,,,,UT S,3193510.,307500.,,,,,,,,B,1971,1971,MONUMENTED,USGS,,DB = BENCH MARK DISK,46 = COPPER-CLAD STEEL ROD W/O SLEEVE (10 FT.+),11 DOR 1971 5616
,20260103,http://www.ngs.noaa.gov/cgi-bin/ds_mark.prl?PidBox=MR0556,MR0556,11 FMK,,,,UT,MORGAN,SNOW BASIN (2017),41 08 25.     (N),111 50 37.     (W),41.1402777778,-111.8436111111,,NAD 83,(1986),,SCALED,1467.154,NAVD 88,,ADJUSTED,-16.258,GEOID18,1465.993,979781.7,,,,,,,,1,2,,,,UT N,1089670.,471150.,,,,,,,,D,1974,1983,GOOD,NGS,,DB = BENCH MARK DISK,30 = SET IN A LIGHT STRUCTURE,11 FMK 1974
,20260103,http://www.ngs.noaa.gov/cgi-bin/ds_mark.prl?PidBox=HP0420,HP0420,11 LRC,,,,UT,WASHINGTON,TERRY BENCHES (2018),37 07 19.     (N),114 00 40.     (W),37.1219444444,-114.0111111111,,NAD 83,(1986),,SCALED,938.897,NAVD 88,,POSTED,-25.073,GEOID18,937.95,979594.2,,,,,,,,,,,,,UT S,3053530.,276860.,,,,,,,,B,1973,1973,MONUMENTED,USGS,Y,DD = SURVEY DISK,46 = COPPER-CLAD STEEL ROD W/O SLEEVE (10 FT.+),11 LRC 1973 3078
,20260103,http://www.ngs.noaa.gov/cgi-bin/ds_mark.prl?PidBox=HO0687,HO0687,110 DOR,,,,UT,IRON,MODENA (2017),37 49 35.7    (N),113 56 16.0    (W),37.8265833333,-113.9377777778,,NAD 83,(1986),,HD_HELD2,1721.609,NAVD 88,,POSTED,-22.891,GEOID18,1719.67,979441.7,,,,,,,,,,,,,UT S,3131529.,285415.,,,,,,,,B,1971,1971,MONUMENTED,USGS,,DB = BENCH MARK DISK,46 = COPPER-CLAD STEEL ROD W/O SLEEVE (10 FT.+),110 DOR 1971 5644
,20260103,http://www.ngs.noaa.gov/cgi-bin/ds_mark.prl?PidBox=MS0534,MS0534,110 FMK,,,,UT,BOX ELDER,HOGUP RIDGE NORTH (2017),41 15 12.     (N),113 04 51.     (W),41.2533333333,-113.0808333333,,NAD 83,(1986),,SCALED,1286.842,NAVD 88,,ADJUSTED,-16.841,GEOID18,1285.949,979884.9,,,,,,,,2,0,,,,UT N,1103370.,367520.,,,,,,,,B,1966,1966,MONUMENTED,USGS,,DB = BENCH MARK DISK,46 = COPPER-CLAD STEEL ROD W/O SLEEVE (10 FT.+),110 FMK 1966
,20260103,http://www.ngs.noaa.gov/cgi-bin/ds_mark.prl?PidBox=HO0688,HO0688,111 DOR,,,,UT,IRON,MODENA (2017),37 50 29.1    (N),113 56 28.3    (W),37.8414166667,-113.9411944444,,NAD 83,(1986),,HD_HELD2,1754.153,NAVD 88,,POSTED,-22.840,GEOID18,1752.17,979435.6,,,,,,,,,,,,,UT S,3133182.,285158.,,,,,,,,B,1971,1971,MONUMENTED,USGS,,DB = BENCH MARK DISK,46 = COPPER-CLAD STEEL ROD W/O SLEEVE (10 FT.+),111 DOR 1971 5751
,20260103,http://www.ngs.noaa.gov/cgi-bin/ds_mark.prl?PidBox=MS0535,MS0535,111 FMK,,,,UT,BOX ELDER,HOGUP RIDGE NORTH (2017),41 15 02.     (N),113 03 44.     (W),41.2505555556,-113.0622222222,,NAD 83,(1986),,SCALED,1282.659,NAVD 88,,ADJUSTED,-16.849,GEOID18,1281.768,979885.0,,,,,,,,2,0,,,,UT N,1103030.,369070.,,,,,,,,B,1966,1966,MONUMENTED,USGS,,DB = BENCH MARK DISK,46 = COPPER-CLAD STEEL ROD W/O SLEEVE (10 FT.+),111 FMK 1966
,20260103,http://www.ngs.noaa.gov/cgi-bin/ds_mark.prl?PidBox=HN0203,HN0203,111 WF,,,,UT,KANE,DAVIS GULCH (2017),37 15 09.     (N),110 58 22.     (W),37.2525000000,-110.9727777778,,NAD 83,(1986),,SCALED,1316.033,NAVD 88,,ADJUSTED,-22.716,GEOID18,1314.564,979469.1,,,,,,,,1,2,,,,UT S,3065150.,546770.,,,,,,,,A,1952,1962,GOOD,CGS,,DD = SURVEY DISK,66 = SET IN ROCK OUTCROP,4316 111 WF 1952
,20260103,http://www.ngs.noaa.gov/cgi-bin/ds_mark.prl?PidBox=HO0689,HO0689,112 DOR,,,,UT,IRON,MODENA (2017),37 51 19.     (N),113 56 32.     (W),37.8552777778,-113.9422222222,,NAD 83,(1986),,SCALED,1788.847,NAVD 88,,POSTED,-22.792,GEOID18,1786.81,979429.7,,,,,,,,,,,,,UT S,3134720.,285110.,,,,,,,,B,1971,1971,MONUMENTED,USGS,,DB = BENCH MARK DISK,46 = COPPER-CLAD STEEL ROD W/O SLEEVE (10 FT.+),112 DOR 1971 5865
,20260103,http://www.ngs.noaa.gov/cgi-bin/ds_mark.prl?PidBox=MS0532,MS0532,112 FMK,,,,UT,BOX ELDER,HOGUP RIDGE SOUTH (2017),41 14 48.     (N),113 02 18.     (W),41.2466666667,-113.0383333333,,NAD 83,(1986),,SCALED,1284.217,NAVD 88,,ADJUSTED,-16.863,GEOID18,1283.326,979885.5,,,,,,,,2,0,,,,UT N,1102570.,371070.,,,,,,,,B,1966,1966,MONUMENTED,USGS,,DB = BENCH MARK DISK,46 = COPPER-CLAD STEEL ROD W/O SLEEVE (10 FT.+),112 FMK 1966
,20260103,http://www.ngs.noaa.gov/cgi-bin/ds_mark.prl?PidBox=HN0206,HN0206,112 WF,,,,UT,KANE,DAVIS GULCH (2017),37 15 33.     (N),110 56 27.     (W),37.2591666667,-110.9408333333,,NAD 83,(1986),,SCALED,1348.925,NAVD 88,,ADJUSTED,-22.727,GEOID18,1347.411,979462.2,,,,,,,,1,2,,,,UT S,3065910.,549600.,,,,,,,,A,1952,1962,GOOD,CGS,,DD = SURVEY DISK,66 = SET IN ROCK OUTCROP,4424 112 WF 1952
,20260103,http://www.ngs.noaa.gov/cgi-bin/ds_mark.prl?PidBox=LO0893,LO0893,11251,,,,UT,UTAH,DRAPER (2017),40 31 36.97108(N),111 45 21.88771(W),40.5269364111,-111.7560799194,,NAD 83,(1994),,ADJUSTED,3432.,NAVD 88,,VERTCON3,-16.126,GEOID18,,,,,,,,,2,,,,,,UT C,2243569.185,478302.006,-0 09 50.5,0.99943611,12,4486519.254,435959.771,-0 29 28.8,0.99965048,C,1973,1973,MONUMENTED,USGS,,DB = BENCH MARK DISK,80 = SET IN A BOULDER,11251
,20260103,http://www.ngs.noaa.gov/cgi-bin/ds_mark.prl?PidBox=HO0690,HO0690,113 DOR,,,,UT,IRON,MODENA (2017),37 52 14.     (N),113 56 33.     (W),37.8705555556,-113.9425000000,,NAD 83,(1986),,SCALED,1826.856,NAVD 88,,POSTED,-22.742,GEOID18,1824.77,979422.6,,,,,,,,,,,,,UT S,3136420.,285130.,,,,,,,,B,1971,1971,MONUMENTED,USGS,,DB = BENCH MARK DISK,46 = COPPER-CLAD STEEL ROD W/O SLEEVE (10 FT.+),113 DOR 1971 5990
,20260103,http://www.ngs.noaa.gov/cgi-bin/ds_mark.prl?PidBox=MS0533,MS0533,113 FMK,,,,UT,BOX ELDER,HOGUP RIDGE SOUTH (2017),41 14 35.     (N),113 00 51.     (W),41.2430555556,-113.0141666667,,NAD 83,(1986),,SCALED,1282.686,NAVD 88,,ADJUSTED,-16.876,GEOID18,1281.798,979886.4,,,,,,,,2,0,,,,UT N,1102130.,373090.,,,,,,,,B,1966,1966,MONUMENTED,USGS,,DB = BENCH MARK DISK,46 = COPPER-CLAD STEEL ROD W/O SLEEVE (10 FT.+),113 FMK 1966
,20260103,http://www.ngs.noaa.gov/cgi-bin/ds_mark.prl?PidBox=HN0209,HN0209,113 WF,,,,UT,KANE,DAVIS GULCH (2017),37 15 23.2    (N),110 54 00.2    (W),37.2564444444,-110.9000555556,,NAD 83,(1986),,HD_HELD2,1320.559,NAVD 88,,ADJUSTED,-22.725,GEOID18,1319.060,979451.1,,,,,,,,1,2,,,,UT S,3065626.,553221.,,,,,,,,A,1952,1962,GOOD,CGS,,DD = SURVEY DISK,66 = SET IN ROCK OUTCROP,4331 113 WF 1952
,20260103,http://www.ngs.noaa.gov/cgi-bin/ds_mark.prl?PidBox=HO0691,HO0691,114 DOR,,,,UT,IRON,EIGHTMILE SPRING (2017),37 53 09.4    (N),113 56 26.0    (W),37.8859444444,-113.9405555556,,NAD 83,(1986),,HD_HELD2,1851.791,NAVD 88,,POSTED,-22.695,GEOID18,1849.66,979415.3,,,,,,,,,,,,,UT S,3138121.,285343.,,,,,,,,C,1971,1971,MONUMENTED,USGS,,DB = BENCH MARK DISK,80 = SET IN A BOULDER,114 DOR 1971 6071
,20260103,http://www.ngs.noaa.gov/cgi-bin/ds_mark.prl?PidBox=MS0527,MS0527,114 FMK,,,,UT,BOX ELDER,STRONGS KNOB (2017),41 14 22.     (N),112 59 16.     (W),41.2394444444,-112.9877777778,,NAD 83,(1986),,SCALED,1282.354,NAVD 88,,ADJUSTED,-16.885,GEOID18,1281.463,979884.2,,,,,,,,2,0,,,,UT N,1101690.,375290.,,,,,,,,B,1966,1966,MONUMENTED,USGS,,DB = BENCH MARK DISK,46 = COPPER-CLAD STEEL ROD W/O SLEEVE (10 FT.+),114 FMK 1966
,20260103,http://www.ngs.noaa.gov/cgi-bin/ds_mark.prl?PidBox=HN0630,HN0630,114 WF,,,,UT,GARFIELD,ESCALANTE (2017),37 46 19.30   (N),111 36 04.48   (W),37.7720277778,-111.6012444444,,NAD 83,(1986),,HD_HELD1,1769.208,NAVD 88,,ADJUSTED,-20.002,GEOID18,1767.168,979414.4,,,,,,,,2,0,,,,UT S,3122681.6,491080.4,,,,,,,,D,1952,20220425,GOOD,PRIVTE,Y,DD = SURVEY DISK,31 = SET IN A PAVEMENT SUCH AS STREET SIDEWALK CURB ETC.,5801 114 WF 1952
,20260103,http://www.ngs.noaa.gov/cgi-bin/ds_mark.prl?PidBox=HO0692,HO0692,115 DOR,,,,UT,IRON,EIGHTMILE SPRING (2017),37 54 01.     (N),113 56 36.     (W),37.9002777778,-113.9433333333,,NAD 83,(1986),,SCALED,1877.215,NAVD 88,,POSTED,-22.660,GEOID18,1875.04,979406.3,,,,,,,,,,,,,UT S,3139720.,285140.,,,,,,,,B,1971,1971,MONUMENTED,USGS,,DB = BENCH MARK DISK,46 = COPPER-CLAD STEEL ROD W/O SLEEVE (10 FT.+),115 DOR 1971 6155
,20260103,http://www.ngs.noaa.gov/cgi-bin/ds_mark.prl?PidBox=MS0528,MS0528,115 FMK,,,,UT,BOX ELDER,STRONGS KNOB (2017),41 14 14.     (N),112 58 09.     (W),41.2372222222,-112.9691666667,,NAD 83,(1986),,SCALED,1283.505,NAVD 88,,ADJUSTED,-16.883,GEOID18,1282.615,979885.7,,,,,,,,2,0,,,,UT N,1101420.,376850.,,,,,,,,C,1966,1966,MONUMENTED,USGS,,DB = BENCH MARK DISK,34 = SET IN THE FOOTINGS OF SMALL/MEDIUM STRUCTURES,115 FMK 1966
,20260103,http://www.ngs.noaa.gov/cgi-bin/ds_mark.prl?PidBox=HO0693,HO0693,116 DOR,,,,UT,IRON,EIGHTMILE SPRING (2017),37 54 41.0    (N),113 56 58.4    (W),37.9113888889,-113.9495555556,,NAD 83,(1986),,HD_HELD2,1907.824,NAVD 88,,POSTED,-22.633,GEOID18,1905.60,979397.9,,,,,,,,,,,,,UT S,3140965.,284625.,,,,,,,,B,1971,1971,MONUMENTED,USGS,,DB = BENCH MARK DISK,46 = COPPER-CLAD STEEL ROD W/O SLEEVE (10 FT.+),116 DOR 1971 6255
,20260103,http://www.ngs.noaa.gov/cgi-bin/ds_mark.prl?PidBox=MS0529,MS0529,116 FMK,,,,UT,BOX ELDER,STRONGS KNOB (2017),41 14 06.     (N),112 57 08.     (W),41.2350000000,-112.9522222222,,NAD 83,(1986),,SCALED,1283.259,NAVD 88,,ADJUSTED,-16.875,GEOID18,1282.372,979887.0,,,,,,,,2,0,,,,UT N,1101150.,378260.,,,,,,,,B,1966,1966,MONUMENTED,USGS,,DB = BENCH MARK DISK,46 = COPPER-CLAD STEEL ROD W/O SLEEVE (10 FT.+),116 FMK 1966
,20260103,http://www.ngs.noaa.gov/cgi-bin/ds_mark.prl?PidBox=HO0694,HO0694,117 DOR,,,,UT,IRON,EIGHTMILE SPRING (2017),37 55 30.7    (N),113 56 53.8    (W),37.9251944444,-113.9482777778,,NAD 83,(1986),,HD_HELD2,1930.663,NAVD 88,,POSTED,-22.597,GEOID18,1928.40,979390.2,,,,,,,,,,,,,UT S,3142494.,284778.,,,,,,,,B,1971,1971,MONUMENTED,USGS,,DB = BENCH MARK DISK,46 = COPPER-CLAD STEEL ROD W/O SLEEVE (10 FT.+),117 DOR 1971 6330
,20260103,http://www.ngs.noaa.gov/cgi-bin/ds_mark.prl?PidBox=MS0530,MS0530,117 FMK,,,,UT,BOX ELDER,STRONGS KNOB (2017),41 13 53.     (N),112 55 32.     (W),41.2313888889,-112.9255555556,,NAD 83,(1986),,SCALED,1283.516,NAVD 88,,ADJUSTED,-16.855,GEOID18,1282.631,979889.1,,,,,,,,2,0,,,,UT N,1100710.,380490.,,,,,,,,B,1966,1966,MONUMENTED,USGS,,DB = BENCH MARK DISK,46 = COPPER-CLAD STEEL ROD W/O SLEEVE (10 FT.+),117 FMK 1966
,20260103,http://www.ngs.noaa.gov/cgi-bin/ds_mark.prl?PidBox=HO0695,HO0695,118 DOR,,,,UT,IRON,EIGHTMILE SPRING (2017),37 56 19.     (N),113 57 06.     (W),37.9386111111,-113.9516666667,,NAD 83,(1986),,SCALED,1971.927,NAVD 88,,POSTED,-22.565,GEOID18,1969.60,979381.5,,,,,,,,,,,,,UT S,3143990.,284520.,,,,,,,,A,1971,1971,MONUMENTED,USGS,,DB = BENCH MARK DISK,66 = SET IN ROCK OUTCROP,118 DOR 1971 6465
,20260103,http://www.ngs.noaa.gov/cgi-bin/ds_mark.prl?PidBox=MS0531,MS0531,118 FMK,,,,UT,BOX ELDER,STRONGS KNOB (2017),41 13 40.     (N),112 54 07.     (W),41.2277777778,-112.9019444444,,NAD 83,(1986),,SCALED,1282.839,NAVD 88,,ADJUSTED,-16.833,GEOID18,1281.956,979890.8,,,,,,,,2,0,,,,UT N,1100280.,382460.,,,,,,,,B,1966,1966,MONUMENTED,USGS,,DB = BENCH MARK DISK,46 = COPPER-CLAD STEEL ROD W/O SLEEVE (10 FT.+),118 FMK 1966
,20260103,http://www.ngs.noaa.gov/cgi-bin/ds_mark.prl?PidBox=HO0696,HO0696,119 DOR,,,,UT,IRON,EIGHTMILE SPRING (2017),37 57 08.     (N),113 57 01.     (W),37.9522222222,-113.9502777778,,NAD 83,(1986),,SCALED,2009.499,NAVD 88,,POSTED,-22.535,GEOID18,2007.12,979374.4,,,,,,,,,,,,,UT S,3145500.,284680.,,,,,,,,A,1971,1971,MONUMENTED,USGS,,DB = BENCH MARK DISK,66 = SET IN ROCK OUTCROP,119 DOR 1971 6589
,20260103,http://www.ngs.noaa.gov/cgi-bin/ds_mark.prl?PidBox=MS0526,MS0526,119 FMK,,,,UT,BOX ELDER,LAKESIDE (2017),41 13 21.     (N),112 51 57.     (W),41.2225000000,-112.8658333333,,NAD 83,(1986),,SCALED,1286.411,NAVD 88,,ADJUSTED,-16.817,GEOID18,1285.530,979894.0,,,,,,,,2,0,,,,UT N,1099640.,385480.,,,,,,,,C,1966,1966,MONUMENTED,USGS,,DB = BENCH MARK DISK,34 = SET IN THE FOOTINGS OF SMALL/MEDIUM STRUCTURES,119 FMK 1966
,20260103,http://www.ngs.noaa.gov/cgi-bin/ds_mark.prl?PidBox=JO0640,JO0640,12 DOR,,,,UT,BEAVER,PINE GROVE RESERVOIR (2017),38 22 29.     (N),113 42 25.     (W),38.3747222222,-113.7069444444,,NAD 83,(1986),,SCALED,1713.084,NAVD 88,,POSTED,-21.477,GEOID18,1711.21,979471.7,,,,,,,,,,,,,UT S,3191850.,307170.,,,,,,,,B,1971,1971,MONUMENTED,USGS,,DB = BENCH MARK DISK,46 = COPPER-CLAD STEEL ROD W/O SLEEVE (10 FT.+),12 DOR 1971 5617
,20260103,http://www.ngs.noaa.gov/cgi-bin/ds_mark.prl?PidBox=HP0421,HP0421,12 LRC,,,,UT,WASHINGTON,SCARECROW PEAK (2017),37 07 50.8    (N),114 00 56.3    (W),37.1307777778,-114.0156388889,,NAD 83,(1986),,HD_HELD2,899.912,NAVD 88,,POSTED,-25.048,GEOID18,899.01,979599.4,,,,,,,,,,,,,UT S,3054515.,276486.,,,,,,,,B,1973,1973,MONUMENTED,USGS,Y,DD = SURVEY DISK,46 = COPPER-CLAD STEEL ROD W/O SLEEVE (10 FT.+),12 LRC 1973 2950
,20260103,http://www.ngs.noaa.gov/cgi-bin/ds_mark.prl?PidBox=HO0697,HO0697,120 DOR,,,,UT,IRON,EIGHTMILE SPRING (2017),37 57 50.     (N),113 57 05.     (W),37.9638888889,-113.9513888889,,NAD 83,(1986),,SCALED,2025.380,NAVD 88,,POSTED,-22.514,GEOID18,2022.97,979368.6,,,,,,,,,,,,,UT S,3146790.,284620.,,,,,,,,B,1971,1971,MONUMENTED,USGS,,DB = BENCH MARK DISK,46 = COPPER-CLAD STEEL ROD W/O SLEEVE (10 FT.+),120 DOR 1971 6641
,20260103,http://www.ngs.noaa.gov/cgi-bin/ds_mark.prl?PidBox=MS0538,MS0538,120 FMK,,,,UT,BOX ELDER,LAKESIDE (2017),41 13 10.03986(N),112 51 07.35303(W),41.2194555167,-112.8520425083,1271.381,NAD 83,(2011),2010.00,ADJUSTED,1288.157,NAVD 88,,ADJUSTED,-16.823,GEOID18,1287.267,979887.3,0.41,0.80,0.19,0.14,0.41,-0.00659215,,2,0,-1866238.065,-4428341.067,4181623.979,UT N,1099285.547,386633.245,-0 53 29.3,0.99975761,12,4564772.836,344754.552,-1 13 14.3,0.99989662,A,1966,20141202,GOOD,UT-057,Y,DB = BENCH MARK DISK,66 = SET IN ROCK OUTCROP,120 FMK 1966
,20260103,http://www.ngs.noaa.gov/cgi-bin/ds_mark.prl?PidBox=HO0698,HO0698,121 DOR,,,,UT,IRON,EIGHTMILE SPRING (2017),37 58 35.     (N),113 57 05.     (W),37.9763888889,-113.9513888889,,NAD 83,(1986),,SCALED,2019.807,NAVD 88,,POSTED,-22.490,GEOID18,2017.40,979363.5,,,,,,,,,,,,,UT S,3148180.,284650.,,,,,,,,B,1971,1971,MONUMENTED,USGS,,DB = BENCH MARK DISK,46 = COPPER-CLAD STEEL ROD W/O SLEEVE (10 FT.+),121 DOR 1971 6622
,20260103,http://www.ngs.noaa.gov/cgi-bin/ds_mark.prl?PidBox=MS0539,MS0539,121 FMK,,,,UT,BOX ELDER,LAKESIDE (2017),41 12 14.     (N),112 50 57.     (W),41.2038888889,-112.8491666667,,NAD 83,(1986),,SCALED,1299.542,NAVD 88,,ADJUSTED,-16.831,GEOID18,1298.631,979878.0,,,,,,,,2,0,,,,UT N,1097550.,386850.,,,,,,,,D,1966,20210720,GOOD,NGIA,Y,DD = SURVEY DISK,15 = METAL ROD DRIVEN INTO GROUND. SEE TEXT FOR ADDITIONAL INFORMATION.,121 FMK 1966
,20260103,http://www.ngs.noaa.gov/cgi-bin/ds_mark.prl?PidBox=HO0699,HO0699,122 DOR,,,,UT,IRON,EIGHTMILE SPRING (2017),37 59 25.     (N),113 57 05.     (W),37.9902777778,-113.9513888889,,NAD 83,(1986),,SCALED,2021.554,NAVD 88,,POSTED,-22.460,GEOID18,2019.13,979360.3,,,,,,,,,,,,,UT S,3149720.,284690.,,,,,,,,B,1971,1971,MONUMENTED,USGS,,DB = BENCH MARK DISK,46 = COPPER-CLAD STEEL ROD W/O SLEEVE (10 FT.+),122 DOR 1971 6628
,20260103,http://www.ngs.noaa.gov/cgi-bin/ds_mark.prl?PidBox=MS0540,MS0540,122 FMK,,,,UT,BOX ELDER,LAKESIDE (2017),41 11 42.     (N),112 51 35.     (W),41.1950000000,-112.8597222222,,NAD 83,(1986),,SCALED,1362.333,NAVD 88,,ADJUSTED,-16.818,GEOID18,1361.379,979875.9,,,,,,,,2,0,,,,UT N,1096580.,385950.,,,,,,,,B,1966,1966,MONUMENTED,USGS,,DB = BENCH MARK DISK,46 = COPPER-CLAD STEEL ROD W/O SLEEVE (10 FT.+),122 FMK 1966
,20260103,http://www.ngs.noaa.gov/cgi-bin/ds_mark.prl?PidBox=HO0700,HO0700,123 DOR,,,,UT,IRON,EIGHTMILE SPRING (2017),37 59 53.     (N),113 57 37.     (W),37.9980555556,-113.9602777778,,NAD 83,(1986),,SCALED,2033.915,NAVD 88,,POSTED,-22.449,GEOID18,2031.48,979359.6,,,,,,,,,,,,,UT S,3150610.,283940.,,,,,,,,B,1971,20110919,GOOD,GEOCAC,Y,DB = BENCH MARK DISK,46 = COPPER-CLAD STEEL ROD W/O SLEEVE (10 FT.+),123 DOR 1971 6669
,20260103,http://www.ngs.noaa.gov/cgi-bin/ds_mark.prl?PidBox=MS0541,MS0541,123 FMK,,,,UT,BOX ELDER,LAKESIDE (2017),41 11 10.     (N),112 50 43.     (W),41.1861111111,-112.8452777778,,NAD 83,(1986),,SCALED,1408.299,NAVD 88,,ADJUSTED,-16.836,GEOID18,1407.301,979865.2,,,,,,,,2,0,,,,UT N,1095570.,387140.,,,,,,,,A,1966,1966,MONUMENTED,USGS,,DB = BENCH MARK DISK,66 = SET IN ROCK OUTCROP,123 FMK 1966
,20260103,http://www.ngs.noaa.gov/cgi-bin/ds_mark.prl?PidBox=JO0652,JO0652,124 DOR,,,,UT,IRON,STEAMBOAT MOUNTAIN SW (2017),38 00 19.     (N),113 58 12.     (W),38.0052777778,-113.9700000000,,NAD 83,(1986),,SCALED,2046.072,NAVD 88,,POSTED,-22.437,GEOID18,2043.62,979358.4,,,,,,,,,,,,,UT S,3151430.,283100.,,,,,,,,B,1971,1971,MONUMENTED,USGS,,DB = BENCH MARK DISK,46 = COPPER-CLAD STEEL ROD W/O SLEEVE (10 FT.+),124 DOR 1971 6708
,20260103,http://www.ngs.noaa.gov/cgi-bin/ds_mark.prl?PidBox=MS0542,MS0542,124 FMK,,,,UT,BOX ELDER,LAKESIDE (2017),41 10 13.     (N),112 50 38.     (W),41.1702777778,-112.8438888889,,NAD 83,(1986),,SCALED,1429.968,NAVD 88,,ADJUSTED,-16.853,GEOID18,1428.961,979869.0,,,,,,,,2,0,,,,UT N,1093810.,387230.,,,,,,,,B,1966,1966,MONUMENTED,USGS,,DB = BENCH MARK DISK,46 = COPPER-CLAD STEEL ROD W/O SLEEVE (10 FT.+),124 FMK 1966
,20260103,http://www.ngs.noaa.gov/cgi-bin/ds_mark.prl?PidBox=JO0653,JO0653,125 DOR,,,,UT,IRON,STEAMBOAT MOUNTAIN SW (2017),38 01 05.     (N),113 58 12.     (W),38.0180555556,-113.9700000000,,NAD 83,(1986),,SCALED,2036.737,NAVD 88,,POSTED,-22.405,GEOID18,2034.30,979360.1,,,,,,,,,,,,,UT S,3152850.,283140.,,,,,,,,B,1971,1971,MONUMENTED,USGS,,DB = BENCH MARK DISK,46 = COPPER-CLAD STEEL ROD W/O SLEEVE (10 FT.+),125 DOR 1971 6678
,20260103,http://www.ngs.noaa.gov/cgi-bin/ds_mark.prl?PidBox=MS0543,MS0543,125 FMK,,,,UT,BOX ELDER,LAKESIDE (2017),41 09 29.     (N),112 50 39.     (W),41.1580555556,-112.8441666667,,NAD 83,(1986),,SCALED,1388.797,NAVD 88,,ADJUSTED,-16.876,GEOID18,1387.820,979871.4,,,,,,,,2,0,,,,UT N,1092460.,387190.,,,,,,,,A,1966,1966,MONUMENTED,USGS,,DB = BENCH MARK DISK,66 = SET IN ROCK OUTCROP,125 FMK 1966
,20260103,http://www.ngs.noaa.gov/cgi-bin/ds_mark.prl?PidBox=JO0654,JO0654,126 DOR,,,,UT,IRON,STEAMBOAT MOUNTAIN SW (2017),38 01 40.     (N),113 58 12.     (W),38.0277777778,-113.9700000000,,NAD 83,(1986),,SCALED,2028.216,NAVD 88,,POSTED,-22.377,GEOID18,2025.79,979362.2,,,,,,,,,,,,,UT S,3153930.,283170.,,,,,,,,B,1971,1971,MONUMENTED,USGS,,DB = BENCH MARK DISK,46 = COPPER-CLAD STEEL ROD W/O SLEEVE (10 FT.+),126 DOR 1971 6650
,20260103,http://www.ngs.noaa.gov/cgi-bin/ds_mark.prl?PidBox=MS0544,MS0544,126 FMK,,,,UT,BOX ELDER,LAKESIDE (2017),41 08 39.     (N),112 50 34.     (W),41.1441666667,-112.8427777778,,NAD 83,(1986),,SCALED,1349.145,NAVD 88,,ADJUSTED,-16.907,GEOID18,1348.197,979873.7,,,,,,,,2,0,,,,UT N,1090910.,387280.,,,,,,,,B,1966,1966,MONUMENTED,USGS,,DB = BENCH MARK DISK,46 = COPPER-CLAD STEEL ROD W/O SLEEVE (10 FT.+),126 FMK 1966
,20260103,http://www.ngs.noaa.gov/cgi-bin/ds_mark.prl?PidBox=JO0655,JO0655,127 DOR,,,,UT,IRON,STEAMBOAT MOUNTAIN SW (2017),38 02 34.     (N),113 58 12.     (W),38.0427777778,-113.9700000000,,NAD 83,(1986),,SCALED,2026.944,NAVD 88,,POSTED,-22.336,GEOID18,2024.53,979366.7,,,,,,,,,,,,,UT S,3155590.,283210.,,,,,,,,B,1971,1971,MONUMENTED,USGS,,DB = BENCH MARK DISK,46 = COPPER-CLAD STEEL ROD W/O SLEEVE (10 FT.+),127 DOR 1971 6646
,20260103,http://www.ngs.noaa.gov/cgi-bin/ds_mark.prl?PidBox=MS0545,MS0545,127 FMK,,,,UT,BOX ELDER,LAKESIDE (2017),41 07 51.     (N),112 50 47.     (W),41.1308333333,-112.8463888889,,NAD 83,(1986),,SCALED,1324.222,NAVD 88,,ADJUSTED,-16.923,GEOID18,1323.293,979876.0,,,,,,,,2,0,,,,UT N,1089440.,386960.,,,,,,,,B,1966,1966,MONUMENTED,USGS,,DB = BENCH MARK DISK,46 = COPPER-CLAD STEEL ROD W/O SLEEVE (10 FT.+),127 FMK 1966
,20260103,http://www.ngs.noaa.gov/cgi-bin/ds_mark.prl?PidBox=JO0656,JO0656,128 DOR,,,,UT,IRON,STEAMBOAT MOUNTAIN SW (2017),38 03 38.     (N),113 58 11.     (W),38.0605555556,-113.9697222222,,NAD 83,(1986),,SCALED,2010.644,NAVD 88,,POSTED,-22.290,GEOID18,2008.27,979374.4,,,,,,,,,,,,,UT S,3157560.,283290.,,,,,,,,B,1971,1971,MONUMENTED,USGS,,DB = BENCH MARK DISK,46 = COPPER-CLAD STEEL ROD W/O SLEEVE (10 FT.+),128 DOR 1971 6592
,20260103,http://www.ngs.noaa.gov/cgi-bin/ds_mark.prl?PidBox=MS0536,MS0536,128 FMK,,,,UT,BOX ELDER,DEARDENS KNOLL (2017),41 06 58.     (N),112 50 49.     (W),41.1161111111,-112.8469444444,,NAD 83,(1986),,SCALED,1321.890,NAVD 88,,ADJUSTED,-16.947,GEOID18,1320.966,979878.1,,,,,,,,2,0,,,,UT N,1087800.,386880.,,,,,,,,A,1966,1966,MONUMENTED,USGS,,DB = BENCH MARK DISK,66 = SET IN ROCK OUTCROP,128 FMK 1966
,20260103,http://www.ngs.noaa.gov/cgi-bin/ds_mark.prl?PidBox=JO0657,JO0657,129 DOR,,,,UT,IRON,STEAMBOAT MOUNTAIN SW (2017),38 04 15.     (N),113 58 12.     (W),38.0708333333,-113.9700000000,,NAD 83,(1986),,SCALED,1999.195,NAVD 88,,POSTED,-22.264,GEOID18,1996.83,979375.8,,,,,,,,,,,,,UT S,3158700.,283300.,,,,,,,,B,1971,1971,MONUMENTED,USGS,,DB = BENCH MARK DISK,46 = COPPER-CLAD STEEL ROD W/O SLEEVE (10 FT.+),129 DOR 1971 6555
,20260103,http://www.ngs.noaa.gov/cgi-bin/ds_mark.prl?PidBox=MS0537,MS0537,129 FMK,,,,UT,BOX ELDER,DEARDENS KNOLL (2017),41 06 02.     (N),112 51 10.     (W),41.1005555556,-112.8527777778,,NAD 83,(1986),,SCALED,1347.255,NAVD 88,,ADJUSTED,-16.961,GEOID18,1346.311,979876.3,,,,,,,,2,0,,,,UT N,1086080.,386370.,,,,,,,,A,1966,1966,MONUMENTED,USGS,,DB = BENCH MARK DISK,66 = SET IN ROCK OUTCROP,129 FMK 1966
,20260103,http://www.ngs.noaa.gov/cgi-bin/ds_mark.prl?PidBox=JO0639,JO0639,13 DOR,,,,UT,BEAVER,PINE GROVE RESERVOIR (2017),38 21 58.     (N),113 42 55.     (W),38.3661111111,-113.7152777778,,NAD 83,(1986),,SCALED,1735.601,NAVD 88,,POSTED,-21.487,GEOID18,1733.69,979466.0,,,,,,,,,,,,,UT S,3190910.,306420.,,,,,,,,B,1971,1971,MONUMENTED,USGS,,DB = BENCH MARK DISK,46 = COPPER-CLAD STEEL ROD W/O SLEEVE (10 FT.+),13 DOR 1971 5690
,20260103,http://www.ngs.noaa.gov/cgi-bin/ds_mark.prl?PidBox=MR0554,MR0554,13 FMK,,,,UT,MORGAN,SNOW BASIN (2017),41 08 22.     (N),111 51 03.     (W),41.1394444444,-111.8508333333,,NAD 83,(1986),,SCALED,1469.801,NAVD 88,,ADJUSTED,-16.262,GEOID18,1468.642,979784.6,,,,,,,,1,2,,,,UT N,1089580.,470550.,,,,,,,,D,1974,1983,GOOD,NGS,,DB = BENCH MARK DISK,30 = SET IN A LIGHT STRUCTURE,13 FMK 1974
,20260103,http://www.ngs.noaa.gov/cgi-bin/ds_mark.prl?PidBox=HP0422,HP0422,13 LRC,,,,UT,WASHINGTON,SCARECROW PEAK (2017),37 08 20.2    (N),114 01 27.4    (W),37.1389444444,-114.0242777778,,NAD 83,(1986),,HD_HELD2,848.018,NAVD 88,,POSTED,-25.037,GEOID18,847.17,979608.1,,,,,,,,,,,,,UT S,3055442.,275743.,,,,,,,,B,1973,1973,MONUMENTED,USGS,Y,DD = SURVEY DISK,46 = COPPER-CLAD STEEL ROD W/O SLEEVE (10 FT.+),13 LRC 1973 2780
,20260103,http://www.ngs.noaa.gov/cgi-bin/ds_mark.prl?PidBox=JO0658,JO0658,130 DOR,,,,UT,IRON,STEAMBOAT MOUNTAIN SW (2017),38 05 07.     (N),113 58 11.     (W),38.0852777778,-113.9697222222,,NAD 83,(1986),,SCALED,1991.307,NAVD 88,,POSTED,-22.228,GEOID18,1988.95,979375.3,,,,,,,,,,,,,UT S,3160310.,283360.,,,,,,,,B,1971,1971,MONUMENTED,USGS,,DB = BENCH MARK DISK,46 = COPPER-CLAD STEEL ROD W/O SLEEVE (10 FT.+),130 DOR 1971 6529
,20260103,http://www.ngs.noaa.gov/cgi-bin/ds_mark.prl?PidBox=MS0546,MS0546,130 FMK,,,,UT,BOX ELDER,DEARDENS KNOLL (2017),41 05 07.     (N),112 50 45.     (W),41.0852777778,-112.8458333333,,NAD 83,(1986),,SCALED,1305.846,NAVD 88,,ADJUSTED,-17.009,GEOID18,1304.926,979874.0,,,,,,,,2,0,,,,UT N,1084380.,386920.,,,,,,,,D,1966,1966,MONUMENTED,USGS,,DB = BENCH MARK DISK,15 = METAL ROD DRIVEN INTO GROUND. SEE TEXT FOR ADDITIONAL INFORMATION.,130 FMK 1966
,20260103,http://www.ngs.noaa.gov/cgi-bin/ds_mark.prl?PidBox=JO0659,JO0659,131 DOR,,,,UT,IRON,STEAMBOAT MOUNTAIN SW (2017),38 05 48.     (N),113 58 11.     (W),38.0966666667,-113.9697222222,,NAD 83,(1986),,SCALED,1991.988,NAVD 88,,POSTED,-22.201,GEOID18,1989.63,979376.2,,,,,,,,,,,,,UT S,3161570.,283400.,,,,,,,,B,1971,1971,MONUMENTED,USGS,,DB = BENCH MARK DISK,46 = COPPER-CLAD STEEL ROD W/O SLEEVE (10 FT.+),131 DOR 1971 6531
,20260103,http://www.ngs.noaa.gov/cgi-bin/ds_mark.prl?PidBox=MS0547,MS0547,131 FMK,,,,UT,BOX ELDER,DEARDENS KNOLL (2017),41 04 23.     (N),112 50 59.     (W),41.0730555556,-112.8497222222,,NAD 83,(1986),,SCALED,1306.430,NAVD 88,,ADJUSTED,-17.025,GEOID18,1305.509,979872.7,,,,,,,,2,0,,,,UT N,1083030.,386580.,,,,,,,,B,1966,1966,MONUMENTED,USGS,,DB = BENCH MARK DISK,46 = COPPER-CLAD STEEL ROD W/O SLEEVE (10 FT.+),131 FMK 1966
,20260103,http://www.ngs.noaa.gov/cgi-bin/ds_mark.prl?PidBox=JO0660,JO0660,132 DOR,,,,UT,IRON,STEAMBOAT MOUNTAIN SW (2017),38 06 35.     (N),113 57 59.     (W),38.1097222222,-113.9663888889,,NAD 83,(1986),,SCALED,1977.616,NAVD 88,,POSTED,-22.167,GEOID18,1975.28,979379.5,,,,,,,,,,,,,UT S,3163010.,283730.,,,,,,,,B,1971,1971,MONUMENTED,USGS,,DB = BENCH MARK DISK,46 = COPPER-CLAD STEEL ROD W/O SLEEVE (10 FT.+),132 DOR 1971 6484
,20260103,http://www.ngs.noaa.gov/cgi-bin/ds_mark.prl?PidBox=MS0548,MS0548,132 FMK,,,,UT,BOX ELDER,DEARDENS KNOLL (2017),41 03 18.     (N),112 51 52.     (W),41.0550000000,-112.8644444444,,NAD 83,(1986),,SCALED,1318.750,NAVD 88,,ADJUSTED,-17.039,GEOID18,1317.818,979871.2,,,,,,,,2,0,,,,UT N,1081040.,385310.,,,,,,,,B,1966,1966,MONUMENTED,USGS,,DB = BENCH MARK DISK,46 = COPPER-CLAD STEEL ROD W/O SLEEVE (10 FT.+),132 FMK 1966
,20260103,http://www.ngs.noaa.gov/cgi-bin/ds_mark.prl?PidBox=JO0661,JO0661,133 DOR,,,,UT,IRON,ATCHISON CREEK (2017),38 07 32.5    (N),113 57 48.4    (W),38.1256944444,-113.9634444444,,NAD 83,(1986),,HD_HELD2,1937.644,NAVD 88,,POSTED,-22.122,GEOID18,1935.36,979384.2,,,,,,,,,,,,,UT S,3164775.,284031.,,,,,,,,B,1971,1971,MONUMENTED,USGS,,DB = BENCH MARK DISK,46 = COPPER-CLAD STEEL ROD W/O SLEEVE (10 FT.+),133 DOR 1971 6353
,20260103,http://www.ngs.noaa.gov/cgi-bin/ds_mark.prl?PidBox=MS0549,MS0549,133 FMK,,,,UT,BOX ELDER,DEARDENS KNOLL (2017),41 02 27.     (N),112 52 11.     (W),41.0408333333,-112.8697222222,,NAD 83,(1986),,SCALED,1300.991,NAVD 88,,ADJUSTED,-17.063,GEOID18,1300.069,979869.7,,,,,,,,2,0,,,,UT N,1079480.,384840.,,,,,,,,B,1966,1966,MONUMENTED,USGS,,DB = BENCH MARK DISK,46 = COPPER-CLAD STEEL ROD W/O SLEEVE (10 FT.+),133 FMK 1966
,20260103,http://www.ngs.noaa.gov/cgi-bin/ds_mark.prl?PidBox=JO0662,JO0662,134 DOR,,,,UT,IRON,ATCHISON CREEK (2017),38 08 26.4    (N),113 57 58.4    (W),38.1406666667,-113.9662222222,,NAD 83,(1986),,HD_HELD2,1930.828,NAVD 88,,POSTED,-22.086,GEOID18,1928.57,979389.5,,,,,,,,,,,,,UT S,3166443.,283831.,,,,,,,,B,1971,1971,MONUMENTED,USGS,,DB = BENCH MARK DISK,46 = COPPER-CLAD STEEL ROD W/O SLEEVE (10 FT.+),134 DOR 1971 6330
,20260103,http://www.ngs.noaa.gov/cgi-bin/ds_mark.prl?PidBox=MS0550,MS0550,134 FMK,,,,UT,BOX ELDER,DEARDENS KNOLL (2017),41 01 30.     (N),112 52 20.     (W),41.0250000000,-112.8722222222,,NAD 83,(1986),,SCALED,1298.372,NAVD 88,,ADJUSTED,-17.089,GEOID18,1297.449,979867.8,,,,,,,,2,0,,,,UT N,1077720.,384600.,,,,,,,,D,1966,1966,MONUMENTED,USGS,,DB = BENCH MARK DISK,15 = METAL ROD DRIVEN INTO GROUND. SEE TEXT FOR ADDITIONAL INFORMATION.,134 FMK 1966
,20260103,http://www.ngs.noaa.gov/cgi-bin/ds_mark.prl?PidBox=LO1057,LO1057,13449=GILBERT,,,,UT,SUMMIT,KINGS PEAK (2017),40 49 24.49754(N),110 20 24.72353(W),40.8234715389,-110.3402009806,,NAD 83,(1994),,ADJUSTED,4100.0,NAVD 88,,VERTCON3,-11.501,GEOID18,,,,,,,,,1,,,,,,UT N,1055082.217,597835.362,+0 45 53.0,0.99934356,12,4519370.460,555638.074,+0 25 52.8,0.99963810,C,UNK,1965,GOOD,USGS,,DB = BENCH MARK DISK,80 = SET IN A BOULDER,VA 13449
,20260103,http://www.ngs.noaa.gov/cgi-bin/ds_mark.prl?PidBox=JO0663,JO0663,135 DOR,,,,UT,BEAVER,ATCHISON CREEK (2017),38 09 02.     (N),113 57 56.     (W),38.1505555556,-113.9655555556,,NAD 83,(1986),,SCALED,1929.852,NAVD 88,,POSTED,-22.055,GEOID18,1927.60,979391.6,,,,,,,,,,,,,UT S,3167540.,283920.,,,,,,,,B,1971,1971,MONUMENTED,USGS,,DB = BENCH MARK DISK,46 = COPPER-CLAD STEEL ROD W/O SLEEVE (10 FT.+),135 DOR 1971 6327
,20260103,http://www.ngs.noaa.gov/cgi-bin/ds_mark.prl?PidBox=MS0551,MS0551,135 FMK,,,,UT,BOX ELDER,DEARDENS KNOLL (2017),41 00 31.9    (N),112 52 27.6    (W),41.0088611111,-112.8743333333,,NAD 83,(1986),,HD_HELD2,1317.649,NAVD 88,,ADJUSTED,-17.110,GEOID18,1316.711,979865.6,,,,,,,,2,0,,,,UT N,1075931.,384394.,,,,,,,,B,1966,1966,MONUMENTED,USGS,,DB = BENCH MARK DISK,46 = COPPER-CLAD STEEL ROD W/O SLEEVE (10 FT.+),135 FMK 1966
,20260103,http://www.ngs.noaa.gov/cgi-bin/ds_mark.prl?PidBox=JO0664,JO0664,136 DOR,,,,UT,BEAVER,ATCHISON CREEK (2017),38 09 43.     (N),113 58 32.     (W),38.1619444444,-113.9755555556,,NAD 83,(1986),,SCALED,1930.050,NAVD 88,,POSTED,-22.037,GEOID18,1927.79,979391.1,,,,,,,,,,,,,UT S,3168830.,283080.,,,,,,,,B,1971,1971,MONUMENTED,USGS,,DB = BENCH MARK DISK,46 = COPPER-CLAD STEEL ROD W/O SLEEVE (10 FT.+),136 DOR 1971 6313
,20260103,http://www.ngs.noaa.gov/cgi-bin/ds_mark.prl?PidBox=LP0311,LP0311,136 FMK,,,,UT,TOOELE,CRANER PEAK (2017),40 59 41.8    (N),112 51 07.9    (W),40.9949444444,-112.8521944444,,NAD 83,(1986),,HD_HELD2,1296.380,NAVD 88,,ADJUSTED,-17.142,GEOID18,1295.453,979864.1,,,,,,,,2,0,,,,UT C,2296372.,386217.,,,,,,,,B,1966,1966,MONUMENTED,USGS,,DB = BENCH MARK DISK,46 = COPPER-CLAD STEEL ROD W/O SLEEVE (10 FT.+),136 FMK 1966
,20260103,http://www.ngs.noaa.gov/cgi-bin/ds_mark.prl?PidBox=JO0665,JO0665,137 DOR,,,,UT,BEAVER,ATCHISON CREEK (2017),38 10 27.     (N),113 58 53.     (W),38.1741666667,-113.9813888889,,NAD 83,(1986),,SCALED,1925.395,NAVD 88,,POSTED,-22.007,GEOID18,1923.14,979392.0,,,,,,,,,,,,,UT S,3170200.,282600.,,,,,,,,B,1971,1971,MONUMENTED,USGS,,DB = BENCH MARK DISK,46 = COPPER-CLAD STEEL ROD W/O SLEEVE (10 FT.+),137 DOR 1971 6313
,20260103,http://www.ngs.noaa.gov/cgi-bin/ds_mark.prl?PidBox=LP0312,LP0312,137 FMK,,,,UT,TOOELE,CRANER PEAK (2017),40 58 52.0    (N),112 50 10.3    (W),40.9811111111,-112.8361944444,,NAD 83,(1986),,HD_HELD2,1292.107,NAVD 88,,ADJUSTED,-17.171,GEOID18,1291.178,979860.5,,,,,,,,2,0,,,,UT C,2294815.,387540.,,,,,,,,A,1966,1966,MONUMENTED,USGS,,DB = BENCH MARK DISK,66 = SET IN ROCK OUTCROP,137 FMK 1966
,20260103,http://www.ngs.noaa.gov/cgi-bin/ds_mark.prl?PidBox=JO0666,JO0666,138 DOR,,,,UT,BEAVER,ATCHISON CREEK (2017),38 10 55.     (N),113 58 35.     (W),38.1819444444,-113.9763888889,,NAD 83,(1986),,SCALED,1940.987,NAVD 88,,POSTED,-21.969,GEOID18,1938.72,979394.2,,,,,,,,,,,,,UT S,3171050.,283060.,,,,,,,,B,1971,1971,MONUMENTED,USGS,,DB = BENCH MARK DISK,46 = COPPER-CLAD STEEL ROD W/O SLEEVE (10 FT.+),138 DOR 1971 6363
,20260103,http://www.ngs.noaa.gov/cgi-bin/ds_mark.prl?PidBox=LP0313,LP0313,138 FMK,,,,UT,TOOELE,CRANER PEAK (2017),40 58 07.02   (N),112 49 30.27   (W),40.9686166667,-112.8250750000,,NAD 83,(1986),,HD_HELD1,1298.717,NAVD 88,,ADJUSTED,-17.192,GEOID18,1297.780,979857.5,,,,,,,,2,0,,,,UT C,2293413.9,388455.2,,,,,,,,B,1966,1966,MONUMENTED,USGS,,DB = BENCH MARK DISK,46 = COPPER-CLAD STEEL ROD W/O SLEEVE (10 FT.+),138 FMK 1966
,20260103,http://www.ngs.noaa.gov/cgi-bin/ds_mark.prl?PidBox=JO0667,JO0667,139 DOR,,,,UT,BEAVER,ATCHISON CREEK (2017),38 11 32.     (N),113 59 02.     (W),38.1922222222,-113.9838888889,,NAD 83,(1986),,SCALED,1917.537,NAVD 88,,POSTED,-21.948,GEOID18,1915.30,979396.3,,,,,,,,,,,,,UT S,3172200.,282440.,,,,,,,,B,1971,1971,MONUMENTED,USGS,,DB = BENCH MARK DISK,46 = COPPER-CLAD STEEL ROD W/O SLEEVE (10 FT.+),139 DOR 1971 6287
,20260103,http://www.ngs.noaa.gov/cgi-bin/ds_mark.prl?PidBox=LP0314,LP0314,139 FMK,,,,UT,TOOELE,CRANER PEAK (2017),40 57 30.99   (N),112 48 53.16   (W),40.9586083333,-112.8147666667,,NAD 83,(1986),,HD_HELD1,1300.341,NAVD 88,,ADJUSTED,-17.206,GEOID18,1299.400,979855.3,,,,,,,,2,0,,,,UT C,2292289.7,389306.6,,,,,,,,B,1966,1966,MONUMENTED,USGS,,DB = BENCH MARK DISK,46 = COPPER-CLAD STEEL ROD W/O SLEEVE (10 FT.+),139 FMK 1966
,20260103,http://www.ngs.noaa.gov/cgi-bin/ds_mark.prl?PidBox=JO0638,JO0638,14 DOR,,,,UT,BEAVER,PINE GROVE RESERVOIR (2017),38 21 06.     (N),113 43 03.     (W),38.3516666667,-113.7175000000,,NAD 83,(1986),,SCALED,1753.411,NAVD 88,,POSTED,-21.498,GEOID18,1751.47,979458.0,,,,,,,,,,,,,UT S,3189310.,306180.,,,,,,,,B,1971,1971,MONUMENTED,USGS,,DB = BENCH MARK DISK,46 = COPPER-CLAD STEEL ROD W/O SLEEVE (10 FT.+),14 DOR 1971 5749
,20260103,http://www.ngs.noaa.gov/cgi-bin/ds_mark.prl?PidBox=LO1088,LO1088,14 EMH,,,,UT,DUCHESNE,DRY MOUNTAIN (2017),40 27 47.61615(N),110 31 03.48737(W),40.4632267083,-110.5176353806,,NAD 83,(1994),,ADJUSTED,2412.3,NAVD 88,,VERTCON3,-14.733,GEOID18,,,,,,,,,3,,,,,,UT C,2236921.301,583313.203,+0 37 45.4,0.99958293,12,4479284.632,540895.001,+0 18 46.9,0.99962059,A,1959,1959,MONUMENTED,USGS,,N = NAIL,66 = SET IN ROCK OUTCROP,
,20260103,http://www.ngs.noaa.gov/cgi-bin/ds_mark.prl?PidBox=MR0553,MR0553,14 FMK,,,,UT,MORGAN,SNOW BASIN (2017),41 08 21.     (N),111 51 12.     (W),41.1391666667,-111.8533333333,,NAD 83,(1986),,SCALED,1472.314,NAVD 88,,ADJUSTED,-16.266,GEOID18,1471.155,979785.8,,,,,,,,1,2,,,,UT N,1089550.,470340.,,,,,,,,D,1974,1983,GOOD,NGS,,DB = BENCH MARK DISK,31 = SET IN A PAVEMENT SUCH AS STREET SIDEWALK CURB ETC.,14 FMK 1974
,20260103,http://www.ngs.noaa.gov/cgi-bin/ds_mark.prl?PidBox=MS0638,MS0638,14 FMK,,,,UT,BOX ELDER,ROSETTE (2017),41 49 00.     (N),113 26 05.     (W),41.8166666667,-113.4347222222,,NAD 83,(1986),,SCALED,1719.989,NAVD 88,,ADJUSTED,-14.980,GEOID18,1718.718,979821.9,,,,,,,,1,2,,,,UT N,1166520.,339260.,,,,,,,,D,1971,1984,GOOD,NGS,,DB = BENCH MARK DISK,15 = METAL ROD DRIVEN INTO GROUND. SEE TEXT FOR ADDITIONAL INFORMATION.,14 FMK 1971 5639
,20260103,http://www.ngs.noaa.gov/cgi-bin/ds_mark.prl?PidBox=LN0225,LN0225,14 HJH,,,,UT,DAGGETT,CLAY BASIN (2017),40 53 04.     (N),109 08 08.     (W),40.8844444444,-109.1355555556,,NAD 83,(1986),,SCALED,1670.897,NAVD 88,,ADJUSTED,-14.191,GEOID18,1669.510,979735.1,,,,,,,,2,0,,,,UT N,1063910.,699250.,,,,,,,,C,1950,1962,GOOD,CGS,,DD = SURVEY DISK,7 = SET IN TOP OF CONCRETE MONUMENT,14 HJH 5477 1950
,20260103,http://www.ngs.noaa.gov/cgi-bin/ds_mark.prl?PidBox=HP0423,HP0423,14 LRC,,,,UT,WASHINGTON,SCARECROW PEAK (2017),37 08 18.     (N),114 02 15.     (W),37.1383333333,-114.0375000000,,NAD 83,(1986),,SCALED,963.295,NAVD 88,,POSTED,-25.061,GEOID18,962.32,979581.4,,,,,,,,,,,,,UT S,3055410.,274570.,,,,,,,,B,1973,1973,MONUMENTED,USGS,Y,DD = SURVEY DISK,46 = COPPER-CLAD STEEL ROD W/O SLEEVE (10 FT.+),14 LRC 1973 3158
,20260103,http://www.ngs.noaa.gov/cgi-bin/ds_mark.prl?PidBox=JO0668,JO0668,140 DOR,,,,UT,BEAVER,ATCHISON CREEK (2017),38 12 25.     (N),113 59 00.     (W),38.2069444444,-113.9833333333,,NAD 83,(1986),,SCALED,1909.473,NAVD 88,,POSTED,-21.892,GEOID18,1907.26,979401.6,,,,,,,,,,,,,UT S,3173840.,282530.,,,,,,,,B,1971,1971,MONUMENTED,USGS,,DB = BENCH MARK DISK,46 = COPPER-CLAD STEEL ROD W/O SLEEVE (10 FT.+),140 DOR 1971 6260
,20260103,http://www.ngs.noaa.gov/cgi-bin/ds_mark.prl?PidBox=LP0315,LP0315,140 FMK,,,,UT,TOOELE,CRANER PEAK (2017),40 56 58.30360(N),112 48 35.11206(W),40.9495287778,-112.8097533500,1288.894,NAD 83,(2011),2010.00,ADJUSTED,1306.071,NAVD 88,,ADJUSTED,-17.214,GEOID18,1305.124,979853.6,0.54,1.02,0.25,0.18,0.52,0.05206726,,2,0,-1870612.833,-4447892.448,4159036.166,UT C,2291275.207,389713.843,-0 50 20.4,0.99988618,12,4534731.229,347677.307,-1 11 10.8,0.99988558,A,1966,20210720,GOOD,NGIA,Y,DB = BENCH MARK DISK,66 = SET IN ROCK OUTCROP,140 FMK 1966
,20260103,http://www.ngs.noaa.gov/cgi-bin/ds_mark.prl?PidBox=JO0669,JO0669,141 DOR,,,,UT,BEAVER,ATCHISON CREEK (2017),38 13 12.     (N),113 59 18.     (W),38.2200000000,-113.9883333333,,NAD 83,(1986),,SCALED,1908.165,NAVD 88,,POSTED,-21.850,GEOID18,1905.96,979407.9,,,,,,,,,,,,,UT S,3175300.,282130.,,,,,,,,B,1971,1971,MONUMENTED,USGS,,DB = BENCH MARK DISK,46 = COPPER-CLAD STEEL ROD W/O SLEEVE (10 FT.+),141 DOR 1971 6256
,20260103,http://www.ngs.noaa.gov/cgi-bin/ds_mark.prl?PidBox=LP0316,LP0316,141 FMK,,,,UT,TOOELE,CRANER PEAK (2017),40 56 34.     (N),112 47 54.     (W),40.9427777778,-112.7983333333,,NAD 83,(1986),,SCALED,1304.421,NAVD 88,,ADJUSTED,-17.236,GEOID18,1303.473,979852.2,,,,,,,,2,0,,,,UT C,2290510.,390660.,,,,,,,,B,1966,1966,MONUMENTED,USGS,,DB = BENCH MARK DISK,46 = COPPER-CLAD STEEL ROD W/O SLEEVE (10 FT.+),141 FMK 1966
,20260103,http://www.ngs.noaa.gov/cgi-bin/ds_mark.prl?PidBox=JO0670,JO0670,142 DOR,,,,UT,BEAVER,ATCHISON CREEK (2017),38 14 08.     (N),113 59 25.     (W),38.2355555556,-113.9902777778,,NAD 83,(1986),,SCALED,1894.075,NAVD 88,,POSTED,-21.795,GEOID18,1891.91,979417.2,,,,,,,,,,,,,UT S,3177030.,282000.,,,,,,,,B,1971,1971,MONUMENTED,USGS,,DB = BENCH MARK DISK,46 = COPPER-CLAD STEEL ROD W/O SLEEVE (10 FT.+),142 DOR 1971 6210
,20260103,http://www.ngs.noaa.gov/cgi-bin/ds_mark.prl?PidBox=LP0317,LP0317,142 FMK,,,,UT,TOOELE,CRANER PEAK (2017),40 55 35.64   (N),112 47 29.94   (W),40.9265666667,-112.7916500000,,NAD 83,(1986),,HD_HELD1,1349.355,NAVD 88,,ADJUSTED,-17.250,GEOID18,1348.374,979849.7,,,,,,,,2,0,,,,UT C,2288703.1,391201.3,,,,,,,,B,1966,1966,MONUMENTED,USGS,,DB = BENCH MARK DISK,46 = COPPER-CLAD STEEL ROD W/O SLEEVE (10 FT.+),142 FMK 1966
,20260103,http://www.ngs.noaa.gov/cgi-bin/ds_mark.prl?PidBox=JO0672,JO0672,143 DOR,,,,UT,BEAVER,ATCHISON CREEK (2017),38 14 54.     (N),113 59 41.     (W),38.2483333333,-113.9947222222,,NAD 83,(1986),,SCALED,1894.566,NAVD 88,,POSTED,-21.759,GEOID18,1892.41,979421.8,,,,,,,,,,,,,UT S,3178460.,281650.,,,,,,,,B,1971,1971,MONUMENTED,USGS,,DB = BENCH MARK DISK,46 = COPPER-CLAD STEEL ROD W/O SLEEVE (10 FT.+),143 DOR 1971 6212
,20260103,http://www.ngs.noaa.gov/cgi-bin/ds_mark.prl?PidBox=LP0318,LP0318,143 FMK,,,,UT,TOOELE,CRANER PEAK (2017),40 54 48.09   (N),112 46 55.50   (W),40.9133583333,-112.7820833333,,NAD 83,(1986),,HD_HELD1,1326.209,NAVD 88,,ADJUSTED,-17.271,GEOID18,1325.241,979847.9,,,,,,,,2,0,,,,UT C,2287224.7,391986.0,,,,,,,,B,1966,1966,MONUMENTED,USGS,,DB = BENCH MARK DISK,46 = COPPER-CLAD STEEL ROD W/O SLEEVE (10 FT.+),143 FMK 1966
,20260103,http://www.ngs.noaa.gov/cgi-bin/ds_mark.prl?PidBox=JO0671,JO0671,144 DOR,,,,UT,BEAVER,MINERS CABIN WASH (2017),38 15 53.     (N),113 59 57.     (W),38.2647222222,-113.9991666667,,NAD 83,(1986),,SCALED,1879.428,NAVD 88,,POSTED,-21.718,GEOID18,1877.29,979425.7,,,,,,,,,,,,,UT S,3180290.,281310.,,,,,,,,B,1971,1971,MONUMENTED,USGS,,DB = BENCH MARK DISK,46 = COPPER-CLAD STEEL ROD W/O SLEEVE (10 FT.+),144 DOR 1971 6162
,20260103,http://www.ngs.noaa.gov/cgi-bin/ds_mark.prl?PidBox=LP0319,LP0319,144 FMK,,,,UT,TOOELE,CRANER PEAK (2017),40 54 03.66   (N),112 46 18.48   (W),40.9010166667,-112.7718000000,,NAD 83,(1986),,HD_HELD1,1321.865,NAVD 88,,ADJUSTED,-17.293,GEOID18,1320.898,979846.4,,,,,,,,2,0,,,,UT C,2285841.8,392832.8,,,,,,,,A,1966,1966,MONUMENTED,USGS,,DB = BENCH MARK DISK,66 = SET IN ROCK OUTCROP,144 FMK 1966
,20260103,http://www.ngs.noaa.gov/cgi-bin/ds_mark.prl?PidBox=JP0475,JP0475,145 DOR,,,,UT,BEAVER,GLEASON BASIN (2018),38 16 37.     (N),114 00 13.     (W),38.2769444444,-114.0036111111,,NAD 83,(1986),,SCALED,1875.947,NAVD 88,,POSTED,-21.690,GEOID18,1873.81,979425.9,,,,,,,,,,,,,UT S,3181650.,280960.,,,,,,,,B,1971,1971,MONUMENTED,USGS,,DB = BENCH MARK DISK,46 = COPPER-CLAD STEEL ROD W/O SLEEVE (10 FT.+),145 DOR 1971 6151
,20260103,http://www.ngs.noaa.gov/cgi-bin/ds_mark.prl?PidBox=LP0320,LP0320,145 FMK,,,,UT,TOOELE,CRANER PEAK (2017),40 53 06.63   (N),112 45 25.41   (W),40.8851750000,-112.7570583333,,NAD 83,(1986),,HD_HELD1,1300.168,NAVD 88,,ADJUSTED,-17.323,GEOID18,1299.209,979841.3,,,,,,,,2,0,,,,UT C,2284065.1,394050.2,,,,,,,,A,1966,1966,MONUMENTED,USGS,,DB = BENCH MARK DISK,66 = SET IN ROCK OUTCROP,145 FMK 1966
,20260103,http://www.ngs.noaa.gov/cgi-bin/ds_mark.prl?PidBox=JP0476,JP0476,146 DOR,,,,UT,BEAVER,GLEASON BASIN (2018),38 17 38.     (N),114 00 34.     (W),38.2938888889,-114.0094444444,,NAD 83,(1986),,SCALED,1870.199,NAVD 88,,POSTED,-21.652,GEOID18,1868.09,979432.6,,,,,,,,,,,,,UT S,3183550.,280500.,,,,,,,,B,1971,1971,MONUMENTED,USGS,,DB = BENCH MARK DISK,46 = COPPER-CLAD STEEL ROD W/O SLEEVE (10 FT.+),146 DOR 1971 6132
,20260103,http://www.ngs.noaa.gov/cgi-bin/ds_mark.prl?PidBox=LP0321,LP0321,146 FMK,,,,UT,TOOELE,DELLE (2017),40 52 03.78   (N),112 45 09.45   (W),40.8677166667,-112.7526250000,,NAD 83,(1986),,HD_HELD1,1301.028,NAVD 88,,ADJUSTED,-17.341,GEOID18,1300.064,979837.9,,,,,,,,2,0,,,,UT C,2282121.1,394396.7,,,,,,,,A,1966,1966,MONUMENTED,USGS,,DB = BENCH MARK DISK,66 = SET IN ROCK OUTCROP,146 FMK 1966
,20260103,http://www.ngs.noaa.gov/cgi-bin/ds_mark.prl?PidBox=JM0246,JM0246,1460 12 8,,,,UT,SAN JUAN,HATCH ROCK (2017),38 14 55.     (N),109 23 12.     (W),38.2486111111,-109.3866666667,,NAD 83,(1986),,SCALED,1807.009,NAVD 88,,ADJUSTED,-19.025,GEOID18,1805.008,979457.6,,,,,,,,1,2,,,,UT S,3177660.,684970.,,,,,,,,D,UNK,1934,GOOD,CGS,,P = PIPE CAP,17 = SET INTO TOP OF METAL PIPE DRIVEN INTO GROUND,
,20260103,http://www.ngs.noaa.gov/cgi-bin/ds_mark.prl?PidBox=JP0477,JP0477,147 DOR,,,,UT,BEAVER,GLEASON BASIN (2018),38 18 28.     (N),114 00 50.     (W),38.3077777778,-114.0138888889,,NAD 83,(1986),,SCALED,1862.476,NAVD 88,,POSTED,-21.620,GEOID18,1860.37,979434.0,,,,,,,,,,,,,UT S,3185100.,280150.,,,,,,,,B,1971,1971,MONUMENTED,USGS,,DB = BENCH MARK DISK,46 = COPPER-CLAD STEEL ROD W/O SLEEVE (10 FT.+),147 DOR 1971 6106
,20260103,http://www.ngs.noaa.gov/cgi-bin/ds_mark.prl?PidBox=LP0323,LP0323,147 FMK,,,,UT,TOOELE,DELLE (2017),40 51 05.31   (N),112 45 03.36   (W),40.8514750000,-112.7509333333,,NAD 83,(1986),,HD_HELD1,1302.781,NAVD 88,,ADJUSTED,-17.354,GEOID18,1301.813,979835.7,,,,,,,,2,0,,,,UT C,2280315.5,394514.1,,,,,,,,A,1966,20060916,GOOD,INDIV,Y,DB = BENCH MARK DISK,66 = SET IN ROCK OUTCROP,147 FMK 1966
,20260103,http://www.ngs.noaa.gov/cgi-bin/ds_mark.prl?PidBox=JP0478,JP0478,148 DOR,,,,UT,BEAVER,GLEASON BASIN (2018),38 19 20.     (N),114 01 14.     (W),38.3222222222,-114.0205555556,,NAD 83,(1986),,SCALED,1850.591,NAVD 88,,POSTED,-21.589,GEOID18,1848.51,979436.8,,,,,,,,,,,,,UT S,3186720.,279610.,,,,,,,,B,1971,1971,MONUMENTED,USGS,,DB = BENCH MARK DISK,46 = COPPER-CLAD STEEL ROD W/O SLEEVE (10 FT.+),148 DOR 1971 6067
,20260103,http://www.ngs.noaa.gov/cgi-bin/ds_mark.prl?PidBox=LP0324,LP0324,148 FMK,,,,UT,TOOELE,POVERTY POINT (2017),40 49 56.47   (N),112 44 34.12   (W),40.8323527778,-112.7428111111,,NAD 83,(1986),,HD_HELD1,1306.424,NAVD 88,,ADJUSTED,-17.387,GEOID18,1305.450,979833.5,,,,,,,,2,0,,,,UT C,2278182.5,395169.4,,,,,,,,A,1966,1966,MONUMENTED,USGS,,DB = BENCH MARK DISK,66 = SET IN ROCK OUTCROP,148 FMK 1966
,20260103,http://www.ngs.noaa.gov/cgi-bin/ds_mark.prl?PidBox=JP0479,JP0479,149 DOR,,,,UT,BEAVER,GLEASON BASIN (2018),38 20 03.     (N),114 01 45.     (W),38.3341666667,-114.0291666667,,NAD 83,(1986),,SCALED,1850.456,NAVD 88,,POSTED,-21.570,GEOID18,1848.38,979440.7,,,,,,,,,,,,,UT S,3188060.,278900.,,,,,,,,B,1971,1971,MONUMENTED,USGS,,DB = BENCH MARK DISK,46 = COPPER-CLAD STEEL ROD W/O SLEEVE (10 FT.+),149 DOR 1971 6067
,20260103,http://www.ngs.noaa.gov/cgi-bin/ds_mark.prl?PidBox=LP0325,LP0325,149 FMK,,,,UT,TOOELE,POVERTY POINT (2017),40 48 54.03   (N),112 44 35.61   (W),40.8150083333,-112.7432250000,,NAD 83,(1986),,HD_HELD1,1301.844,NAVD 88,,ADJUSTED,-17.406,GEOID18,1300.872,979832.5,,,,,,,,2,0,,,,UT C,2276257.0,395107.8,,,,,,,,A,1966,1966,MONUMENTED,USGS,,DB = BENCH MARK DISK,66 = SET IN ROCK OUTCROP,149 FMK 1966
,20260103,http://www.ngs.noaa.gov/cgi-bin/ds_mark.prl?PidBox=JO0637,JO0637,15 DOR,,,,UT,BEAVER,PINE GROVE RESERVOIR (2017),38 20 14.     (N),113 43 13.     (W),38.3372222222,-113.7202777778,,NAD 83,(1986),,SCALED,1780.537,NAVD 88,,POSTED,-21.513,GEOID18,1778.55,979450.1,,,,,,,,,,,,,UT S,3187710.,305900.,,,,,,,,B,1971,1971,MONUMENTED,USGS,,DB = BENCH MARK DISK,46 = COPPER-CLAD STEEL ROD W/O SLEEVE (10 FT.+),15 DOR 1971 5838
,20260103,http://www.ngs.noaa.gov/cgi-bin/ds_mark.prl?PidBox=HP0504,HP0504,15 DOR,,,,UT,IRON,UVADA (2017),37 43 06.     (N),114 02 43.     (W),37.7183333333,-114.0452777778,,NAD 83,(1986),,SCALED,1725.847,NAVD 88,,POSTED,-23.242,GEOID18,1723.87,979420.8,,,,,,,,,,,,,UT S,3119770.,275630.,,,,,,,,B,1972,1972,MONUMENTED,USGS,Y,DD = SURVEY DISK,46 = COPPER-CLAD STEEL ROD W/O SLEEVE (10 FT.+),15 DOR 1972 5658
,20260103,http://www.ngs.noaa.gov/cgi-bin/ds_mark.prl?PidBox=MR0552,MR0552,15 FMK,,,,UT,MORGAN,SNOW BASIN (2017),41 08 19.     (N),111 51 19.     (W),41.1386111111,-111.8552777778,,NAD 83,(1986),,SCALED,1470.856,NAVD 88,,ADJUSTED,-16.270,GEOID18,1469.700,979786.6,,,,,,,,1,2,,,,UT N,1089490.,470170.,,,,,,,,D,1974,1983,GOOD,NGS,,DB = BENCH MARK DISK,31 = SET IN A PAVEMENT SUCH AS STREET SIDEWALK CURB ETC.,15 FMK 1974
,20260103,http://www.ngs.noaa.gov/cgi-bin/ds_mark.prl?PidBox=HP0424,HP0424,15 LRC,,,,UT,WASHINGTON,SCARECROW PEAK (2017),37 09 05.     (N),114 02 49.     (W),37.1513888889,-114.0469444444,,NAD 83,(1986),,SCALED,989.552,NAVD 88,,POSTED,-25.015,GEOID18,988.55,979584.5,,,,,,,,,,,,,UT S,3056880.,273770.,,,,,,,,B,1973,1973,MONUMENTED,USGS,Y,DS = TRIANGULATION STATION DISK,46 = COPPER-CLAD STEEL ROD W/O SLEEVE (10 FT.+),15 LRC 1973 3244
,20260103,http://www.ngs.noaa.gov/cgi-bin/ds_mark.prl?PidBox=JP0480,JP0480,150 DOR,,,,UT,BEAVER,GLEASON BASIN (2018),38 20 55.     (N),114 02 13.     (W),38.3486111111,-114.0369444444,,NAD 83,(1986),,SCALED,1839.288,NAVD 88,,POSTED,-21.543,GEOID18,1837.23,979446.8,,,,,,,,,,,,,UT S,3189680.,278260.,,,,,,,,B,1971,1971,MONUMENTED,USGS,,DB = BENCH MARK DISK,46 = COPPER-CLAD STEEL ROD W/O SLEEVE (10 FT.+),150 DOR 1971 6030
,20260103,http://www.ngs.noaa.gov/cgi-bin/ds_mark.prl?PidBox=LP0327,LP0327,150 FMK,,,,UT,TOOELE,POVERTY POINT (2017),40 48 00.51   (N),112 44 27.36   (W),40.8001416667,-112.7409333333,,NAD 83,(1986),,HD_HELD1,1310.343,NAVD 88,,ADJUSTED,-17.440,GEOID18,1309.364,979831.6,,,,,,,,2,0,,,,UT C,2274603.5,395278.2,,,,,,,,A,1966,1966,MONUMENTED,USGS,,DB = BENCH MARK DISK,66 = SET IN ROCK OUTCROP,150 FMK 1966
,20260103,http://www.ngs.noaa.gov/cgi-bin/ds_mark.prl?PidBox=JP0481,JP0481,151 DOR,,,,UT,BEAVER,GLEASON BASIN (2018),38 21 41.     (N),114 02 38.     (W),38.3613888889,-114.0438888889,,NAD 83,(1986),,SCALED,1836.730,NAVD 88,,POSTED,-21.521,GEOID18,1834.69,979452.2,,,,,,,,,,,,,UT S,3191120.,277690.,,,,,,,,B,1971,1971,MONUMENTED,USGS,,DB = BENCH MARK DISK,46 = COPPER-CLAD STEEL ROD W/O SLEEVE (10 FT.+),151 DOR 1971 6022
,20260103,http://www.ngs.noaa.gov/cgi-bin/ds_mark.prl?PidBox=LP0328,LP0328,151 FMK,,,,UT,TOOELE,DELLE (2017),40 47 12.91   (N),112 45 35.90   (W),40.7869194444,-112.7599722222,,NAD 83,(1986),,HD_HELD1,1297.236,NAVD 88,,ADJUSTED,-17.454,GEOID18,1296.265,979830.5,,,,,,,,2,0,,,,UT C,2273157.7,393650.9,,,,,,,,A,1966,20151119,GOOD,INDIV,Y,DB = BENCH MARK DISK,66 = SET IN ROCK OUTCROP,151 FMK 1966
,20260103,http://www.ngs.noaa.gov/cgi-bin/ds_mark.prl?PidBox=JP0482,JP0482,152 DOR,,,,UT,BEAVER,GLEASON BASIN (2018),38 21 59.     (N),114 02 59.     (W),38.3663888889,-114.0497222222,,NAD 83,(1986),,SCALED,1823.929,NAVD 88,,POSTED,-21.520,GEOID18,1821.90,979451.8,,,,,,,,,,,,,UT S,3191690.,277200.,,,,,,,,B,1971,1971,MONUMENTED,USGS,,DB = BENCH MARK DISK,46 = COPPER-CLAD STEEL ROD W/O SLEEVE (10 FT.+),152 DOR 1971 5980
,20260103,http://www.ngs.noaa.gov/cgi-bin/ds_mark.prl?PidBox=LP0329,LP0329,152 FMK,,,,UT,TOOELE,DELLE (2017),40 46 41.91   (N),112 46 05.85   (W),40.7783083333,-112.7682916667,,NAD 83,(1986),,HD_HELD1,1297.473,NAVD 88,,ADJUSTED,-17.472,GEOID18,1296.500,979829.6,,,,,,,,2,0,,,,UT C,2272211.4,392935.2,,,,,,,,B,1966,1966,MONUMENTED,USGS,,DB = BENCH MARK DISK,46 = COPPER-CLAD STEEL ROD W/O SLEEVE (10 FT.+),152 FMK 1966
,20260103,http://www.ngs.noaa.gov/cgi-bin/ds_mark.prl?PidBox=LP0331,LP0331,154 FMK,,,,UT,TOOELE,DELLE (2017),40 45 26.     (N),112 45 22.     (W),40.7572222222,-112.7561111111,,NAD 83,(1986),,SCALED,1289.055,NAVD 88,,ADJUSTED,-17.524,GEOID18,1288.086,979828.2,,,,,,,,2,0,,,,UT C,2269860.,393930.,,,,,,,,C,1966,1966,MONUMENTED,USGS,,DB = BENCH MARK DISK,32 = SET IN A RETAINING WALL OR CONCRETE LEDGE,154 FMK 1966
,20260103,http://www.ngs.noaa.gov/cgi-bin/ds_mark.prl?PidBox=LP0332,LP0332,155 FMK,,,,UT,TOOELE,POVERTY POINT (2017),40 45 19.0    (N),112 44 18.7    (W),40.7552777778,-112.7385277778,,NAD 83,(1986),,HD_HELD2,1289.036,NAVD 88,,ADJUSTED,-17.525,GEOID18,1288.068,979828.5,,,,,,,,2,0,,,,UT C,2269619.,395412.,,,,,,,,B,1966,1966,MONUMENTED,USGS,,DB = BENCH MARK DISK,46 = COPPER-CLAD STEEL ROD W/O SLEEVE (10 FT.+),155 FMK 1966
,20260103,http://www.ngs.noaa.gov/cgi-bin/ds_mark.prl?PidBox=LP0333,LP0333,156 FMK,,,,UT,TOOELE,POVERTY POINT (2017),40 45 11.     (N),112 43 20.     (W),40.7530555556,-112.7222222222,,NAD 83,(1986),,SCALED,1288.437,NAVD 88,,ADJUSTED,-17.525,GEOID18,1287.469,979828.7,,,,,,,,2,0,,,,UT C,2269350.,396790.,,,,,,,,C,1966,1966,MONUMENTED,USGS,,DB = BENCH MARK DISK,32 = SET IN A RETAINING WALL OR CONCRETE LEDGE,156 FMK 1966
,20260103,http://www.ngs.noaa.gov/cgi-bin/ds_mark.prl?PidBox=LP0334,LP0334,157 FMK,,,,UT,TOOELE,POVERTY POINT (2017),40 45 06.8    (N),112 42 00.7    (W),40.7518888889,-112.7001944444,,NAD 83,(1986),,HD_HELD2,1285.601,NAVD 88,,ADJUSTED,-17.521,GEOID18,1284.636,979828.8,,,,,,,,2,0,,,,UT C,2269198.,398644.,,,,,,,,B,1966,1966,MONUMENTED,USGS,,DB = BENCH MARK DISK,46 = COPPER-CLAD STEEL ROD W/O SLEEVE (10 FT.+),157 FMK 1966
,20260103,http://www.ngs.noaa.gov/cgi-bin/ds_mark.prl?PidBox=LP0335,LP0335,158 FMK,,,,UT,TOOELE,TIMPIE (2017),40 44 57.     (N),112 41 10.     (W),40.7491666667,-112.6861111111,,NAD 83,(1986),,SCALED,1288.455,NAVD 88,,ADJUSTED,-17.519,GEOID18,1287.487,979828.7,,,,,,,,2,0,,,,UT C,2268880.,399830.,,,,,,,,B,1966,20050123,MARK NOT FOUND,NGS,,DB = BENCH MARK DISK,46 = COPPER-CLAD STEEL ROD W/O SLEEVE (10 FT.+),158 FMK 1966
,20260103,http://www.ngs.noaa.gov/cgi-bin/ds_mark.prl?PidBox=LP0336,LP0336,159 FMK,,,,UT,TOOELE,TIMPIE (2017),40 44 53.06   (N),112 39 35.44   (W),40.7480722222,-112.6598444444,,NAD 83,(1986),,HD_HELD1,1286.004,NAVD 88,,ADJUSTED,-17.513,GEOID18,1285.038,979828.8,,,,,,,,2,0,,,,UT C,2268729.6,402045.9,,,,,,,,B,1966,20050123,GOOD,NGS,Y,DB = BENCH MARK DISK,46 = COPPER-CLAD STEEL ROD W/O SLEEVE (10 FT.+),159 FMK 1966
,20260103,http://www.ngs.noaa.gov/cgi-bin/ds_mark.prl?PidBox=JO0636,JO0636,16 DOR,,,,UT,BEAVER,PINE GROVE RESERVOIR (2017),38 19 36.     (N),113 43 20.     (W),38.3266666667,-113.7222222222,,NAD 83,(1986),,SCALED,1796.785,NAVD 88,,POSTED,-21.524,GEOID18,1794.77,979445.9,,,,,,,,,,,,,UT S,3186550.,305710.,,,,,,,,C,1971,1971,MONUMENTED,USGS,,DB = BENCH MARK DISK,34 = SET IN THE FOOTINGS OF SMALL/MEDIUM STRUCTURES,16 DOR 1971 5891
,20260103,http://www.ngs.noaa.gov/cgi-bin/ds_mark.prl?PidBox=HP0505,HP0505,16 DOR,,,,UT,IRON,UVADA (2017),37 43 39.     (N),114 01 50.     (W),37.7275000000,-114.0305555556,,NAD 83,(1986),,SCALED,1719.853,NAVD 88,,POSTED,-23.207,GEOID18,1717.89,979426.5,,,,,,,,,,,,,UT S,3120750.,276950.,,,,,,,,B,1972,1972,MONUMENTED,USGS,Y,DD = SURVEY DISK,46 = COPPER-CLAD STEEL ROD W/O SLEEVE (10 FT.+),16 DOR 1972 5639
,20260103,http://www.ngs.noaa.gov/cgi-bin/ds_mark.prl?PidBox=MR0551,MR0551,16 FMK,,,,UT,WEBER,SNOW BASIN (2017),41 08 18.     (N),111 51 53.     (W),41.1383333333,-111.8647222222,,NAD 83,(1986),,SCALED,1436.989,NAVD 88,,ADJUSTED,-16.290,GEOID18,1435.864,979791.3,,,,,,,,1,2,,,,UT N,1089460.,469380.,,,,,,,,C,1974,1983,GOOD,NGS,,DB = BENCH MARK DISK,32 = SET IN A RETAINING WALL OR CONCRETE LEDGE,16 FMK 1974
,20260103,http://www.ngs.noaa.gov/cgi-bin/ds_mark.prl?PidBox=LN0221,LN0221,16 HJH,,,,UT,DAGGETT,SWALLOW CANYON (2017),40 51 54.     (N),109 04 49.     (W),40.8650000000,-109.0802777778,,NAD 83,(1986),,SCALED,1701.823,NAVD 88,,ADJUSTED,-14.273,GEOID18,1700.389,979721.6,,,,,,,,2,0,,,,UT N,1061880.,703970.,,,,,,,,C,1950,1962,GOOD,CGS,,DD = SURVEY DISK,7 = SET IN TOP OF CONCRETE MONUMENT,16 HJH 5579 1950
,20260103,http://www.ngs.noaa.gov/cgi-bin/ds_mark.prl?PidBox=HP0425,HP0425,16 LRC,,,,UT,WASHINGTON,SCARECROW PEAK (2017),37 09 46.     (N),114 03 01.     (W),37.1627777778,-114.0502777778,,NAD 83,(1986),,SCALED,1008.990,NAVD 88,,POSTED,-24.973,GEOID18,1007.97,979584.8,,,,,,,,,,,,,UT S,3058150.,273510.,,,,,,,,B,1973,1973,MONUMENTED,USGS,Y,DD = SURVEY DISK,46 = COPPER-CLAD STEEL ROD W/O SLEEVE (10 FT.+),16 LRC 1973 3308
,20260103,http://www.ngs.noaa.gov/cgi-bin/ds_mark.prl?PidBox=JM0262,JM0262,160 00,,,,UT,SAN JUAN,CHURCH ROCK (2017),38 01 06.02   (N),109 20 56.06   (W),38.0183388889,-109.3489055556,,NAD 83,(1986),,HD_HELD1,1892.019,NAVD 88,,ADJUSTED,-18.768,GEOID18,1889.856,979418.6,,,,,,,,1,2,,,,UT S,3152186.9,688864.6,,,,,,,,D,UNK,1934,GOOD,CGS,,P = PIPE CAP,17 = SET INTO TOP OF METAL PIPE DRIVEN INTO GROUND,
,20260103,http://www.ngs.noaa.gov/cgi-bin/ds_mark.prl?PidBox=LP0337,LP0337,160 FMK,,,,UT,TOOELE,TIMPIE (2017),40 44 00.2    (N),112 39 22.1    (W),40.7333888889,-112.6561388889,,NAD 83,(1986),,HD_HELD2,1286.833,NAVD 88,,ADJUSTED,-17.503,GEOID18,1285.864,979826.7,,,,,,,,2,0,,,,UT C,2267095.,402338.,,,,,,,,B,1966,1966,MONUMENTED,USGS,,DB = BENCH MARK DISK,46 = COPPER-CLAD STEEL ROD W/O SLEEVE (10 FT.+),160 FMK 1966
,20260103,http://www.ngs.noaa.gov/cgi-bin/ds_mark.prl?PidBox=JO0635,JO0635,17 DOR,,,,UT,BEAVER,PINE GROVE RESERVOIR (2017),38 18 44.     (N),113 43 22.     (W),38.3122222222,-113.7227777778,,NAD 83,(1986),,SCALED,1816.780,NAVD 88,,POSTED,-21.540,GEOID18,1814.74,979442.2,,,,,,,,,,,,,UT S,3184950.,305620.,,,,,,,,B,1971,1971,MONUMENTED,USGS,,DB = BENCH MARK DISK,46 = COPPER-CLAD STEEL ROD W/O SLEEVE (10 FT.+),17 DOR 1971 5957
,20260103,http://www.ngs.noaa.gov/cgi-bin/ds_mark.prl?PidBox=HP0506,HP0506,17 DOR,,,,UT,IRON,UVADA (2017),37 44 14.     (N),114 01 06.     (W),37.7372222222,-114.0183333333,,NAD 83,(1986),,SCALED,1716.363,NAVD 88,,POSTED,-23.173,GEOID18,1714.41,979433.4,,,,,,,,,,,,,UT S,3121800.,278060.,,,,,,,,A,1972,1972,MONUMENTED,USGS,Y,DD = SURVEY DISK,66 = SET IN ROCK OUTCROP,17 DOR 1972 5627
,20260103,http://www.ngs.noaa.gov/cgi-bin/ds_mark.prl?PidBox=MR0550,MR0550,17 FMK,,,,UT,WEBER,SNOW BASIN (2017),41 08 18.     (N),111 52 08.     (W),41.1383333333,-111.8688888889,,NAD 83,(1986),,SCALED,1430.124,NAVD 88,,ADJUSTED,-16.299,GEOID18,1429.007,979793.3,,,,,,,,1,2,,,,UT N,1089460.,469030.,,,,,,,,C,1974,1983,GOOD,NGS,,DB = BENCH MARK DISK,80 = SET IN A BOULDER,17 FMK 1974
,20260103,http://www.ngs.noaa.gov/cgi-bin/ds_mark.prl?PidBox=AI5796,AI5796,175A2S1W,,,,UT,SALT LAKE,SALT LAKE CITY SOUTH (2017),40 38 57.86415(N),111 58 48.70728(W),40.6494067083,-111.9801964667,1377.025,NAD 83,(2011),2010.00,ADJUSTED,1394.2,NAVD 88,,GPS OBS,-17.217,GEOID18,,,0.64,1.51,0.29,0.23,0.77,-0.06660387,,,,-1814197.839,-4494769.465,4133858.734,UT C,2257246.781,459385.463,-0 18 27.4,0.99978389,12,4500300.871,417128.095,-0 38 18.8,0.99968453,D,UNK,19990617,GOOD,SLCS,Y,DO = NOT SPECIFIED OR SEE DESCRIPTION,0 = UNSPECIFIED SETTING,235 68 4570.9 2S1W175A
,20260103,http://www.ngs.noaa.gov/cgi-bin/ds_mark.prl?PidBox=JP0513,JP0513,178 DOR,,,,UT,MILLARD,TWEEDY WASH (2018),38 43 53.     (N),114 02 59.     (W),38.7313888889,-114.0497222222,,NAD 83,(1986),,SCALED,1682.779,NAVD 88,,POSTED,-20.929,GEOID18,1681.02,979526.2,,,,,,,,,,,,,UT C,2047350.,278310.,,,,,,,,B,1971,1971,MONUMENTED,USGS,,DB = BENCH MARK DISK,46 = COPPER-CLAD STEEL ROD W/O SLEEVE (10 FT.+),178 DOR 1971 5517
,20260103,http://www.ngs.noaa.gov/cgi-bin/ds_mark.prl?PidBox=JP0515,JP0515,179 DOR,,,,UT,MILLARD,NEEDLE POINT SPRING (2017),38 45 43.     (N),114 02 32.     (W),38.7619444444,-114.0422222222,,NAD 83,(1986),,SCALED,1663.763,NAVD 88,,POSTED,-20.890,GEOID18,1662.04,979532.3,,,,,,,,,,,,,UT C,2050730.,279050.,,,,,,,,B,1971,1971,MONUMENTED,USGS,,DB = BENCH MARK DISK,46 = COPPER-CLAD STEEL ROD W/O SLEEVE (10 FT.+),179 DOR 1971 5455
,20260103,http://www.ngs.noaa.gov/cgi-bin/ds_mark.prl?PidBox=JO0028,JO0028,18,,,,UT,SEVIER,TRAIL MOUNTAIN (2017),38 34 57.3    (N),112 25 54.4    (W),38.5825833333,-112.4317777778,,NAD 83,(1986),,HD_HELD2,1955.794,NAVD 88,,ADJUSTED,-19.200,GEOID18,1953.593,979433.5,,,,,,,,1,2,,,,UT C,2028096.,418802.,,,,,,,,C,1951,20101209,GOOD,GEOCAC,N,DD = SURVEY DISK,32 = SET IN A RETAINING WALL OR CONCRETE LEDGE,18 1951
,20260103,http://www.ngs.noaa.gov/cgi-bin/ds_mark.prl?PidBox=JO0634,JO0634,18 DOR,,,,UT,BEAVER,PINE GROVE RESERVOIR (2017),38 17 54.     (N),113 43 14.     (W),38.2983333333,-113.7205555556,,NAD 83,(1986),,SCALED,1831.863,NAVD 88,,POSTED,-21.557,GEOID18,1829.80,979437.9,,,,,,,,,,,,,UT S,3183400.,305780.,,,,,,,,B,1971,1971,MONUMENTED,USGS,,DB = BENCH MARK DISK,46 = COPPER-CLAD STEEL ROD W/O SLEEVE (10 FT.+),18 DOR 1971 6006
,20260103,http://www.ngs.noaa.gov/cgi-bin/ds_mark.prl?PidBox=HP0507,HP0507,18 DOR,,,,UT,IRON,UVADA (2017),37 44 49.     (N),114 00 19.     (W),37.7469444444,-114.0052777778,,NAD 83,(1986),,SCALED,1701.663,NAVD 88,,POSTED,-23.139,GEOID18,1699.73,979435.4,,,,,,,,,,,,,UT S,3122850.,279240.,,,,,,,,B,1972,1972,MONUMENTED,USGS,Y,DD = SURVEY DISK,46 = COPPER-CLAD STEEL ROD W/O SLEEVE (10 FT.+),18 DOR 1972 5580
,20260103,http://www.ngs.noaa.gov/cgi-bin/ds_mark.prl?PidBox=MR0549,MR0549,18 FMK,,,,UT,WEBER,SNOW BASIN (2017),41 08 19.08   (N),111 52 26.61   (W),41.1386333333,-111.8740583333,,NAD 83,(1986),,HD_HELD1,1423.835,NAVD 88,,ADJUSTED,-16.310,GEOID18,1422.725,979795.5,,,,,,,,1,2,,,,UT N,1089495.7,468596.0,,,,,,,,C,1974,1983,GOOD,NGS,,DB = BENCH MARK DISK,80 = SET IN A BOULDER,18 FMK 1974
,20260103,http://www.ngs.noaa.gov/cgi-bin/ds_mark.prl?PidBox=JP0517,JP0517,180 DOR,,,,UT,MILLARD,NEEDLE POINT SPRING (2017),38 47 15.     (N),114 01 10.     (W),38.7875000000,-114.0194444444,,NAD 83,(1986),,SCALED,1654.285,NAVD 88,,POSTED,-20.848,GEOID18,1652.56,979528.1,,,,,,,,,,,,,UT C,2053510.,281110.,,,,,,,,B,1971,1971,MONUMENTED,USGS,,DB = BENCH MARK DISK,46 = COPPER-CLAD STEEL ROD W/O SLEEVE (10 FT.+),180 DOR 1971 5424
,20260103,http://www.ngs.noaa.gov/cgi-bin/ds_mark.prl?PidBox=JP0518,JP0518,181 DOR,,,,UT,MILLARD,NEEDLE POINT SPRING (2017),38 47 57.     (N),114 00 36.     (W),38.7991666667,-114.0100000000,,NAD 83,(1986),,SCALED,1650.789,NAVD 88,,POSTED,-20.820,GEOID18,1649.08,979532.0,,,,,,,,,,,,,UT C,2054780.,281970.,,,,,,,,B,1971,1971,MONUMENTED,USGS,,DB = BENCH MARK DISK,46 = COPPER-CLAD STEEL ROD W/O SLEEVE (10 FT.+),181 DOR 1971 5412
,20260103,http://www.ngs.noaa.gov/cgi-bin/ds_mark.prl?PidBox=JP0519,JP0519,182 DOR,,,,UT,MILLARD,NEEDLE POINT SPRING (2017),38 48 45.     (N),114 00 09.     (W),38.8125000000,-114.0025000000,,NAD 83,(1986),,SCALED,1648.231,NAVD 88,,POSTED,-20.790,GEOID18,1646.53,979536.0,,,,,,,,,,,,,UT C,2056240.,282660.,,,,,,,,B,1971,1971,MONUMENTED,USGS,,DB = BENCH MARK DISK,46 = COPPER-CLAD STEEL ROD W/O SLEEVE (10 FT.+),182 DOR 1971 5404
,20260103,http://www.ngs.noaa.gov/cgi-bin/ds_mark.prl?PidBox=JO0673,JO0673,183 DOR,,,,UT,MILLARD,CEDAR PASS (2017),38 50 10.     (N),113 59 27.     (W),38.8361111111,-113.9908333333,,NAD 83,(1986),,SCALED,1647.540,NAVD 88,,POSTED,-20.735,GEOID18,1645.85,979541.5,,,,,,,,,,,,,UT C,2058830.,283750.,,,,,,,,B,1971,1971,MONUMENTED,USGS,,DB = BENCH MARK DISK,46 = COPPER-CLAD STEEL ROD W/O SLEEVE (10 FT.+),183 DOR 1971 5402
,20260103,http://www.ngs.noaa.gov/cgi-bin/ds_mark.prl?PidBox=JO0633,JO0633,19 DOR,,,,UT,BEAVER,PINE GROVE RESERVOIR (2017),38 17 25.     (N),113 43 14.     (W),38.2902777778,-113.7205555556,,NAD 83,(1986),,SCALED,1837.841,NAVD 88,,POSTED,-21.569,GEOID18,1835.77,979434.8,,,,,,,,,,,,,UT S,3182510.,305760.,,,,,,,,C,1971,1971,MONUMENTED,USGS,,DB = BENCH MARK DISK,34 = SET IN THE FOOTINGS OF SMALL/MEDIUM STRUCTURES,19 DOR 1971 6026
,20260103,http://www.ngs.noaa.gov/cgi-bin/ds_mark.prl?PidBox=HO0673,HO0673,19 DOR,,,,UT,IRON,MODENA (2017),37 45 23.     (N),113 59 30.     (W),37.7563888889,-113.9916666667,,NAD 83,(1986),,SCALED,1692.736,NAVD 88,,POSTED,-23.109,GEOID18,1690.81,979434.5,,,,,,,,,,,,,UT S,3123870.,280470.,,,,,,,,D,1972,1972,MONUMENTED,USGS,Y,DD = SURVEY DISK,32 = SET IN A RETAINING WALL OR CONCRETE LEDGE,19 DOR 1972 5550
,20260103,http://www.ngs.noaa.gov/cgi-bin/ds_mark.prl?PidBox=MS0600,MS0600,19 FMK,,,,UT,BOX ELDER,MONUMENT POINT (2017),41 43 28.5    (N),112 46 56.8    (W),41.7245833333,-112.7824444444,,NAD 83,(1986),,HD_HELD2,1302.138,NAVD 88,,ADJUSTED,-15.607,GEOID18,1301.280,979918.6,,,,,,,,1,2,,,,UT N,1155290.,393296.,,,,,,,,B,1966,1984,GOOD,NGS,,DB = BENCH MARK DISK,46 = COPPER-CLAD STEEL ROD W/O SLEEVE (10 FT.+),4269 19 FMK 1966
,20260103,http://www.ngs.noaa.gov/cgi-bin/ds_mark.prl?PidBox=MR0547,MR0547,19 FMK,,,,UT,WEBER,OGDEN (2017),41 08 16.     (N),111 52 40.     (W),41.1377777778,-111.8777777778,,NAD 83,(1986),,SCALED,1416.497,NAVD 88,,ADJUSTED,-16.321,GEOID18,1415.395,979797.5,,,,,,,,1,2,,,,UT N,1089400.,468280.,,,,,,,,C,1974,1983,GOOD,NGS,,DB = BENCH MARK DISK,32 = SET IN A RETAINING WALL OR CONCRETE LEDGE,19 FMK 1974
,20260103,http://www.ngs.noaa.gov/cgi-bin/ds_mark.prl?PidBox=JN0045,JN0045,192,,,,UT,WAYNE,HANKSVILLE (2017),38 15 53.     (N),110 39 24.     (W),38.2647222222,-110.6566666667,,NAD 83,(1986),,SCALED,1433.309,NAVD 88,,ADJUSTED,-20.356,GEOID18,1431.818,979539.0,,,,,,,,1,2,,,,UT S,3177700.,573800.,,,,,,,,D,UNK,1958,GOOD,CGS,,P = PIPE CAP,17 = SET INTO TOP OF METAL PIPE DRIVEN INTO GROUND,T29S T29S S24 S 19 S25 R11E R12E
,20260103,http://www.ngs.noaa.gov/cgi-bin/ds_mark.prl?PidBox=LO0983,LO0983,1N1E 3310,,,,UT,SALT LAKE,FORT DOUGLAS (2017),40 46 54.17933(N),111 51 11.30883(W),40.7817164806,-111.8531413417,,NAD 83,(1994),,ADJUSTED,1547.9,NAVD 88,,VERTCON3,-16.512,GEOID18,,,,,,,,,2,,,,,,UT C,2271889.649,470189.604,-0 13 34.4,0.99979527,12,4514876.065,428012.922,-0 33 26.2,0.99966378,D,1974,1974,MONUMENTED,UT-035,,Z = SEE DESCRIPTION,0 = UNSPECIFIED SETTING,
,20260103,http://www.ngs.noaa.gov/cgi-bin/ds_mark.prl?PidBox=LO1022,LO1022,1N1W 2104,,,,UT,SALT LAKE,SALT LAKE CITY NORTH (2017),40 48 20.56400(N),111 58 03.96326(W),40.8057122222,-111.9677675722,,NAD 83,(1994),,ADJUSTED,1287.1,NAVD 88,,VERTCON3,-17.005,GEOID18,,,,,,,,,2,,,,,,UT C,2274598.845,460527.454,-0 17 58.7,0.99984327,12,4517640.179,418370.162,-0 37 56.9,0.99968201,D,1974,1974,MONUMENTED,UT-035,,R = RIVET,0 = UNSPECIFIED SETTING,
,20260103,http://www.ngs.noaa.gov/cgi-bin/ds_mark.prl?PidBox=LO1021,LO1021,1N1W 2110,,,,UT,SALT LAKE,SALT LAKE CITY NORTH (2017),40 48 11.81351(N),111 57 13.38027(W),40.8032815306,-111.9537167417,,NAD 83,(1994),,ADJUSTED,1286.5,NAVD 88,,VERTCON3,-16.976,GEOID18,,,,,,,,,2,,,,,,UT C,2274322.800,461711.753,-0 17 26.3,0.99984264,12,4517357.365,419552.411,-0 37 23.7,0.99967966,,1974,1974,MONUMENTED,UT-035,,DD = SURVEY DISK,0 = UNSPECIFIED SETTING,
,20260103,http://www.ngs.noaa.gov/cgi-bin/ds_mark.prl?PidBox=LO0821,LO0821,1N2E 3410,,,,UT,SALT LAKE,MOUNTAIN DELL (2017),40 46 24.49563(N),111 43 05.18228(W),40.7734710083,-111.7181061889,1900.293,NAD 83,(2011),2010.00,ADJUSTED,1916.3,NAVD 88,,GPS OBS,-15.975,GEOID18,,,0.84,1.33,0.39,0.27,0.68,0.16761025,,,,-1790439.019,-4495039.243,4144645.847,UT C,2270937.563,481586.322,-0 08 23.0,0.99973505,12,4513858.708,439399.636,-0 28 08.4,0.99964520,C,1973,20020820,GOOD,SLCS,Y,DD = SURVEY DISK,7 = SET IN TOP OF CONCRETE MONUMENT,1N2E 3410
,20260103,http://www.ngs.noaa.gov/cgi-bin/ds_mark.prl?PidBox=LP0354,LP0354,1N3W 3410,,,,UT,SALT LAKE,ANTELOPE ISLAND SOUTH (2017),40 46 19.99891(N),112 10 07.07068(W),40.7722219194,-112.1686307444,,NAD 83,(1994),,ADJUSTED,1283.8,NAVD 88,,VERTCON3,-17.260,GEOID18,,,,,,,,,2,,,,,,UT C,2270987.391,443550.090,-0 25 41.9,0.99983406,12,4514128.907,401377.773,-0 45 47.7,0.99971971,D,1974,1974,MONUMENTED,UT-035,,DD = SURVEY DISK,9 = POST (STONE OR PRECAST CONCRETE),1N3W 3410 1974
,20260103,http://www.ngs.noaa.gov/cgi-bin/ds_mark.prl?PidBox=LO0853,LO0853,1S1E 2610,,,,UT,SALT LAKE,SUGAR HOUSE (2017),40 41 59.46012(N),111 48 02.40106(W),40.6998500333,-111.8006669611,,NAD 83,(1994),,ADJUSTED,1477.5,NAVD 88,,VERTCON3,-16.378,GEOID18,,,,,,,,,2,,,,,,UT C,2262782.114,474588.645,-0 11 33.4,0.99978364,12,4505746.646,432357.807,-0 31 19.7,0.99965632,C,1973,1973,MONUMENTED,UT-035,,DD = SURVEY DISK,7 = SET IN TOP OF CONCRETE MONUMENT,
,20260103,http://www.ngs.noaa.gov/cgi-bin/ds_mark.prl?PidBox=LO0857,LO0857,1S1E 2711,,,,UT,SALT LAKE,SUGAR HOUSE (2017),40 42 40.37424(N),111 48 53.87677(W),40.7112150667,-111.8149657694,,NAD 83,(1994),,ADJUSTED,1442.3,NAVD 88,,VERTCON3,-16.467,GEOID18,,,,,,,,,2,,,,,,UT C,2264048.350,473384.607,-0 12 06.3,0.99979220,12,4507019.335,431161.502,-0 31 53.7,0.99965833,,1974,1974,MONUMENTED,UT-035,,DD = SURVEY DISK,0 = UNSPECIFIED SETTING,
,20260103,http://www.ngs.noaa.gov/cgi-bin/ds_mark.prl?PidBox=LO1018,LO1018,1S1W 1010,,,,UT,SALT LAKE,SALT LAKE CITY NORTH (2017),40 45 19.79736(N),111 56 54.15119(W),40.7554992667,-111.9483753306,,NAD 83,(1994),,ADJUSTED,1296.6,NAVD 88,,VERTCON3,-17.062,GEOID18,,,,,,,,,2,,,,,,UT C,2269014.206,462135.900,-0 17 14.0,0.99982727,12,4512048.288,419945.625,-0 37 09.0,0.99967888,D,1974,1974,MONUMENTED,UT-035,,P = PIPE CAP,0 = UNSPECIFIED SETTING,
,20260103,http://www.ngs.noaa.gov/cgi-bin/ds_mark.prl?PidBox=LO0962,LO0962,1S1W 2010,,,,UT,SALT LAKE,SALT LAKE CITY SOUTH (2017),40 43 29.50625(N),111 59 12.09419(W),40.7248628472,-111.9866928306,,NAD 83,(1994),,ADJUSTED,1294.4,NAVD 88,,VERTCON3,-17.160,GEOID18,,,,,,,,,2,,,,,,UT C,2265628.949,458881.607,-0 18 42.4,0.99981918,12,4508683.094,416672.890,-0 38 37.6,0.99968546,C,1974,1974,MONUMENTED,UT-035,,DD = SURVEY DISK,7 = SET IN TOP OF CONCRETE MONUMENT,
,20260103,http://www.ngs.noaa.gov/cgi-bin/ds_mark.prl?PidBox=LO0946,LO0946,1S1W 2310,,,,UT,SALT LAKE,SALT LAKE CITY SOUTH (2017),40 43 28.49354(N),111 55 00.45641(W),40.7245815389,-111.9167934472,,NAD 83,(1994),,ADJUSTED,1296.8,NAVD 88,,VERTCON3,-17.026,GEOID18,,,,,,,,,2,,,,,,UT C,2265567.884,464786.886,-0 16 01.2,0.99981869,12,4508587.885,422575.710,-0 35 53.4,0.99967378,C,1973,1973,MONUMENTED,UT-035,,Z = SEE DESCRIPTION,7 = SET IN TOP OF CONCRETE MONUMENT,
,20260103,http://www.ngs.noaa.gov/cgi-bin/ds_mark.prl?PidBox=LP0341,LP0341,1S2W 0206,,,,UT,SALT LAKE,BAILEYS LAKE (2017),40 45 43.36260(N),112 01 29.95651(W),40.7620451667,-112.0249879194,,NAD 83,(1994),,ADJUSTED,1290.6,NAVD 88,,VERTCON3,-17.132,GEOID18,,,,,,,,,2,,,,,,UT C,2269776.335,455670.507,-0 20 10.7,0.99983009,12,4512847.645,413486.982,-0 40 09.4,0.99969212,C,1974,1974,MONUMENTED,UT-035,,DD = SURVEY DISK,7 = SET IN TOP OF CONCRETE MONUMENT,
,20260103,http://www.ngs.noaa.gov/cgi-bin/ds_mark.prl?PidBox=LP0363,LP0363,1S2W 2510,,,,UT,SALT LAKE,MAGNA (2017),40 42 13.48691(N),112 00 55.15098(W),40.7037463639,-112.0153197167,,NAD 83,(1994),,ADJUSTED,1297.3,NAVD 88,,VERTCON3,-17.187,GEOID18,,,,,,,,,2,,,,,,UT C,2263297.545,456449.572,-0 19 48.4,0.99981304,12,4506366.584,414228.188,-0 39 43.8,0.99969055,C,1973,20141014,MARK NOT FOUND,GEOCAC,,DD = SURVEY DISK,7 = SET IN TOP OF CONCRETE MONUMENT,1S2W 2510
,20260103,http://www.ngs.noaa.gov/cgi-bin/ds_mark.prl?PidBox=LP0348,LP0348,1S3W 0110,,,,UT,SALT LAKE,BAILEYS LAKE (2017),40 46 07.73186(N),112 07 19.74895(W),40.7688144056,-112.1221524861,,NAD 83,(1994),,ADJUSTED,1285.4,NAVD 88,,VERTCON3,-17.214,GEOID18,,,,,,,,,2,,,,,,UT C,2270580.672,447471.372,-0 23 54.7,0.99983282,12,4513699.430,405295.370,-0 43 58.2,0.99971039,D,1974,1974,MONUMENTED,UT-035,,DD = SURVEY DISK,9 = POST (STONE OR PRECAST CONCRETE),1S3W 0110 1974
,20260103,http://www.ngs.noaa.gov/cgi-bin/ds_mark.prl?PidBox=LP0421,LP0421,1S3W 2010,,,,UT,TOOELE,FARNSWORTH PEAK (2017),40 43 08.59538(N),112 13 11.53451(W),40.7190542722,-112.2198706972,,NAD 83,(1994),,ADJUSTED,1360.9,NAVD 88,,VERTCON3,-17.264,GEOID18,,,,,,,,,2,,,,,,UT C,2265116.798,439176.669,-0 27 40.1,0.99980718,12,4508285.725,396971.443,-0 47 45.1,0.99973065,C,1974,1974,MONUMENTED,UT-035,,DD = SURVEY DISK,80 = SET IN A BOULDER,1S3W 2010
,20260103,http://www.ngs.noaa.gov/cgi-bin/ds_mark.prl?PidBox=LP0417,LP0417,1S3W 2310,,,,UT,SALT LAKE,FARNSWORTH PEAK (2017),40 43 31.64343(N),112 09 21.91471(W),40.7254565083,-112.1560874194,,NAD 83,(1994),,ADJUSTED,1337.1,NAVD 88,,VERTCON3,-17.183,GEOID18,,,,,,,,,2,,,,,,UT C,2265786.299,444570.961,-0 25 13.0,0.99981265,12,4508923.545,402367.959,-0 45 15.6,0.99971732,,1974,1974,MONUMENTED,UT-035,,R = RIVET,35 = SET IN A MAT FOUNDATION OR CONCRETE SLAB OTHER THAN PAVEMENT,
,20260103,http://www.ngs.noaa.gov/cgi-bin/ds_mark.prl?PidBox=KM0315,KM0315,2 110 X,,,,UT,UINTAH,WEAVER RIDGE (2017),39 54 09.54573(N),109 05 31.83143(W),39.9026515917,-109.0921753972,,NAD 83,(1994),,ADJUSTED,2037.0,NAVD 88,,VERTCON3,-16.800,GEOID18,,,,,,,,,3,,,,,,UT C,2176994.493,705859.558,+1 32 32.6,0.99958272,12,4418694.723,663087.757,+1 13 26.8,0.99992745,,1966,1966,MONUMENTED,USGS,,W = UNMONUMENTED,0 = UNSPECIFIED SETTING,
,20260103,http://www.ngs.noaa.gov/cgi-bin/ds_mark.prl?PidBox=JM0535,JM0535,2 121A,,,,UT,SAN JUAN,THE LOOP (2017),38 14 33.10840(N),109 45 40.26960(W),38.2425301111,-109.7611860000,,NAD 83,(1994),,ADJUSTED,1440.8,NAVD 88,,VERTCON3,-19.897,GEOID18,,,,,,,,,3,,,,,,UT S,3176314.032,652208.644,+1 03 55.3,0.99976034,12,4233450.293,608407.377,+0 46 00.8,0.99974473,A,1951,1951,MONUMENTED,USGS,,DD = SURVEY DISK,66 = SET IN ROCK OUTCROP,2 121A
,20260103,http://www.ngs.noaa.gov/cgi-bin/ds_mark.prl?PidBox=JM0543,JM0543,2 126C,,,,UT,SAN JUAN,MUSSELMAN ARCH (2017),38 24 49.73050(N),109 46 54.66746(W),38.4138140278,-109.7818520722,,NAD 83,(1994),,ADJUSTED,1808.8,NAVD 88,,VERTCON3,-20.254,GEOID18,,,,,,,,,3,,,,,,UT S,3195290.299,650050.523,+1 03 09.7,0.99973107,12,4252432.660,606348.205,+0 45 25.0,0.99973928,A,1951,1951,MONUMENTED,USGS,,DD = SURVEY DISK,66 = SET IN ROCK OUTCROP,2 126 C
,20260103,http://www.ngs.noaa.gov/cgi-bin/ds_mark.prl?PidBox=JM0546,JM0546,2 142B,,,,UT,SAN JUAN,TURKS HEAD (2017),38 15 14.55045(N),109 52 42.34498(W),38.2540417917,-109.8784291611,,NAD 83,(1994),,ADJUSTED,1596.,NAVD 88,,VERTCON3,-20.092,GEOID18,,,,,,,,,3,,,,,,UT S,3177407.234,641924.568,+0 59 36.7,0.99973767,12,4234596.812,598131.738,+0 41 40.1,0.99971860,A,1951,1951,MONUMENTED,USGS,,DD = SURVEY DISK,66 = SET IN ROCK OUTCROP,PP 2 142 B 1951
,20260103,http://www.ngs.noaa.gov/cgi-bin/ds_mark.prl?PidBox=JM0581,JM0581,2 153C,,,,UT,GRAND,MINERAL CANYON (2017),38 35 38.20448(N),109 53 00.58009(W),38.5939456889,-109.8834944694,,NAD 83,(1994),,ADJUSTED,1781.8,NAVD 88,,VERTCON3,-20.666,GEOID18,,,,,,,,,3,,,,,,UT C,2030207.364,640839.693,+1 02 07.8,0.99985479,12,4272308.874,597231.701,+0 41 47.5,0.99971642,A,1951,20091128,GOOD,GEOCAC,Y,DD = SURVEY DISK,66 = SET IN ROCK OUTCROP,2 153 C 1951
,20260103,http://www.ngs.noaa.gov/cgi-bin/ds_mark.prl?PidBox=JM0576,JM0576,2 155C,,,,UT,GRAND,JUG ROCK (2017),38 40 50.34653(N),109 49 49.83748(W),38.6806518139,-109.8305104111,,NAD 83,(1994),,ADJUSTED,1742.9,NAVD 88,,VERTCON3,-20.739,GEOID18,,,,,,,,,3,,,,,,UT C,2039916.717,645275.790,+1 04 10.0,0.99982968,12,4281988.022,601723.354,+0 43 51.5,0.99972742,A,1951,20111110,GOOD,GEOCAC,Y,DD = SURVEY DISK,66 = SET IN ROCK OUTCROP,2 155 C 1951
,20260103,http://www.ngs.noaa.gov/cgi-bin/ds_mark.prl?PidBox=JM0582,JM0582,2 168A,,,,UT,GRAND,MINERAL CANYON (2017),38 34 50.14279(N),109 55 51.15951(W),38.5805952194,-109.9308776417,,NAD 83,(1994),,ADJUSTED,1708.2,NAVD 88,,VERTCON3,-20.666,GEOID18,,,,,,,,,3,,,,,,UT C,2028651.874,636737.817,+1 00 18.5,0.99987135,12,4270778.303,593122.436,+0 40 00.4,0.99970679,D,1951,20091128,GOOD,GEOCAC,Y,P = PIPE CAP,17 = SET INTO TOP OF METAL PIPE DRIVEN INTO GROUND,S 168 A 1951
,20260103,http://www.ngs.noaa.gov/cgi-bin/ds_mark.prl?PidBox=JM0555,JM0555,2 189C,,,,UT,SAN JUAN,UPHEAVAL DOME (2017),38 24 21.10959(N),109 58 59.45584(W),38.4058637750,-109.9831821778,,NAD 83,(1994),,ADJUSTED,1669.1,NAVD 88,,VERTCON3,-20.296,GEOID18,,,,,,,,,3,,,,,,UT S,3194103.775,632483.777,+0 55 45.6,0.99975146,12,4251337.433,588780.704,+0 37 54.2,0.99969707,A,1951,1951,MONUMENTED,USGS,,DD = SURVEY DISK,66 = SET IN ROCK OUTCROP,2 189 C 1951
,20260103,http://www.ngs.noaa.gov/cgi-bin/ds_mark.prl?PidBox=JN0426,JN0426,2 33A,,,,UT,EMERY,HORSE BENCH WEST (2017),38 52 08.76095(N),110 16 21.88336(W),38.8691002639,-110.2727453778,,NAD 83,(1994),,ADJUSTED,1383.4,NAVD 88,,VERTCON3,-20.112,GEOID18,,,,,,,,,3,,,,,,UT C,2060212.917,606509.148,+0 47 10.2,0.99982583,12,4302501.940,563090.485,+0 27 23.0,0.99964901,A,1954,1954,MONUMENTED,USGS,,DD = SURVEY DISK,66 = SET IN ROCK OUTCROP,
,20260103,http://www.ngs.noaa.gov/cgi-bin/ds_mark.prl?PidBox=JN0412,JN0412,2 44A,,,,UT,GRAND,GREEN RIVER (2017),38 53 14.02907(N),110 08 12.54209(W),38.8872302972,-110.1368172472,,NAD 83,(1994),,ADJUSTED,1392.5,NAVD 88,,VERTCON3,-20.434,GEOID18,,,,,,,,,3,,,,,,UT C,2062396.255,618274.334,+0 52 23.6,0.99981923,12,4304616.570,574863.616,+0 32 30.9,0.99966901,A,1954,1954,MONUMENTED,USGS,,DD = SURVEY DISK,66 = SET IN ROCK OUTCROP,
,20260103,http://www.ngs.noaa.gov/cgi-bin/ds_mark.prl?PidBox=JN0395,JN0395,2 65C,,,,UT,GRAND,GREEN RIVER NE (2017),38 59 27.58209(N),110 00 15.32693(W),38.9909950250,-110.0042574806,,NAD 83,(1994),,ADJUSTED,1379.2,NAVD 88,,VERTCON3,-20.128,GEOID18,,,,,,,,,3,,,,,,UT C,2074098.058,629582.012,+0 57 29.3,0.99979325,12,4316248.801,586234.933,+0 37 35.6,0.99969157,A,1954,1954,MONUMENTED,USGS,,DD = SURVEY DISK,66 = SET IN ROCK OUTCROP,
,20260103,http://www.ngs.noaa.gov/cgi-bin/ds_mark.prl?PidBox=JM0588,JM0588,2 70A,,,,UT,GRAND,DEE PASS (2017),38 51 06.21491(N),109 59 52.28168(W),38.8517263639,-109.9978560222,,NAD 83,(1994),,ADJUSTED,1464.7,NAVD 88,,VERTCON3,-20.652,GEOID18,,,,,,,,,3,,,,,,UT C,2058648.375,630396.190,+0 57 44.1,0.99981826,12,4300799.795,586959.182,+0 37 43.3,0.99969311,A,1954,20110706,POOR,GEOCAC,,DD = SURVEY DISK,66 = SET IN ROCK OUTCROP,2 70A 1954
,20260103,http://www.ngs.noaa.gov/cgi-bin/ds_mark.prl?PidBox=KM0367,KM0367,2 98 X,,,,UT,UINTAH,BIG PACK MOUNTAIN NE (2017),39 53 07.56158(N),109 31 38.92724(W),39.8854337722,-109.5274797889,,NAD 83,(1994),,ADJUSTED,1712.3,NAVD 88,,VERTCON3,-17.485,GEOID18,,,,,,,,,3,,,,,,UT C,2174172.081,668691.592,+1 15 48.8,0.99963342,12,4416079.235,625906.185,+0 56 39.8,0.99979516,,1966,1966,MONUMENTED,USGS,,W = UNMONUMENTED,0 = UNSPECIFIED SETTING,
,20260103,http://www.ngs.noaa.gov/cgi-bin/ds_mark.prl?PidBox=JO0650,JO0650,2 DOR,,,,UT,BEAVER,PINE VALLEY HARDPAN SOUTH (2017),38 31 03.     (N),113 40 28.     (W),38.5175000000,-113.6744444444,,NAD 83,(1986),,SCALED,1596.766,NAVD 88,,POSTED,-21.347,GEOID18,1595.07,979509.4,,,,,,,,,,,,,UT S,3207630.,310370.,,,,,,,,B,1971,1971,MONUMENTED,USGS,,DB = BENCH MARK DISK,46 = COPPER-CLAD STEEL ROD W/O SLEEVE (10 FT.+),2 DOR 1971 5235
,20260103,http://www.ngs.noaa.gov/cgi-bin/ds_mark.prl?PidBox=LO0145,LO0145,2 EMH,,,,UT,DUCHESNE,STRAWBERRY PINNACLES (2017),40 14 46.     (N),110 42 42.     (W),40.2461111111,-110.7116666667,,NAD 83,(1986),,SCALED,2061.968,NAVD 88,,ADJUSTED,-16.165,GEOID18,2059.864,979532.0,,,,,,,,2,0,,,,UT C,2212650.,567070.,,,,,,,,D,1959,1962,GOOD,CGS,,DD = SURVEY DISK,30 = SET IN A LIGHT STRUCTURE,2 EMH 6760 1959
,20260103,http://www.ngs.noaa.gov/cgi-bin/ds_mark.prl?PidBox=MR0561,MR0561,2 FMK RESET,,,,UT,MORGAN,SNOW BASIN (2017),41 08 14.     (N),111 48 03.     (W),41.1372222222,-111.8008333333,,NAD 83,(1986),,SCALED,1475.320,NAVD 88,,ADJUSTED,-16.258,GEOID18,1474.135,979769.7,,,,,,,,1,2,,,,UT N,1089320.,474740.,,,,,,,,C,1977,1983,GOOD,NGS,,DB = BENCH MARK DISK,7 = SET IN TOP OF CONCRETE MONUMENT,2 FMK 1974 RESET 1977
,20260103,http://www.ngs.noaa.gov/cgi-bin/ds_mark.prl?PidBox=JO0219,JO0219,2 HJH,,,,UT,MILLARD,BLACK ROCK (2017),38 41 02.2    (N),112 58 37.2    (W),38.6839444444,-112.9770000000,,NAD 83,(1986),,HD_HELD2,1492.884,NAVD 88,,ADJUSTED,-20.459,GEOID18,1491.400,979581.8,,,,,,,,1,1,,,,UT C,2039988.,371479.,,,,,,,,C,1958,20120113,GOOD,GEOCAC,Y,DB = BENCH MARK DISK,7 = SET IN TOP OF CONCRETE MONUMENT,2 HJH 1958 4849
,20260103,http://www.ngs.noaa.gov/cgi-bin/ds_mark.prl?PidBox=HO0646,HO0646,2 LRC,,,,UT,WASHINGTON,JARVIS PEAK (2017),37 04 24.     (N),113 52 19.     (W),37.0733333333,-113.8719444444,,NAD 83,(1986),,SCALED,1211.025,NAVD 88,,POSTED,-24.777,GEOID18,1209.75,979532.7,,,,,,,,,,,,,UT S,3047810.,289090.,,,,,,,,B,1973,1973,MONUMENTED,USGS,Y,DD = SURVEY DISK,46 = COPPER-CLAD STEEL ROD W/O SLEEVE (10 FT.+),2 LRC 1973 3971
,20260103,http://www.ngs.noaa.gov/cgi-bin/ds_mark.prl?PidBox=JO0632,JO0632,20 DOR,,,,UT,BEAVER,PINE GROVE RESERVOIR (2017),38 16 50.     (N),113 42 42.     (W),38.2805555556,-113.7116666667,,NAD 83,(1986),,SCALED,1812.440,NAVD 88,,POSTED,-21.578,GEOID18,1810.39,979435.2,,,,,,,,,,,,,UT S,3181410.,306510.,,,,,,,,C,1971,1971,MONUMENTED,USGS,,DB = BENCH MARK DISK,34 = SET IN THE FOOTINGS OF SMALL/MEDIUM STRUCTURES,20 DOR 1971 5942
,20260103,http://www.ngs.noaa.gov/cgi-bin/ds_mark.prl?PidBox=HO0674,HO0674,20 DOR,,,,UT,IRON,MODENA (2017),37 46 04.     (N),113 58 47.     (W),37.7677777778,-113.9797222222,,NAD 83,(1986),,SCALED,1683.342,NAVD 88,,POSTED,-23.075,GEOID18,1681.43,979437.0,,,,,,,,,,,,,UT S,3125100.,281550.,,,,,,,,B,1972,1972,MONUMENTED,USGS,Y,DD = SURVEY DISK,46 = COPPER-CLAD STEEL ROD W/O SLEEVE (10 FT.+),20 DOR 1972 5519
,20260103,http://www.ngs.noaa.gov/cgi-bin/ds_mark.prl?PidBox=LN0517,LN0517,20 EAM,,,,UT,UINTAH,JENSEN (2017),40 22 11.     (N),109 21 13.     (W),40.3697222222,-109.3536111111,,NAD 83,(1986),,SCALED,1453.246,NAVD 88,,ADJUSTED,-17.186,GEOID18,1451.951,979684.7,,,,,,,,1,2,,,,UT C,2228270.,682270.,,,,,,,,B,1965,1984,GOOD,NGS,,DB = BENCH MARK DISK,15 = METAL ROD DRIVEN INTO GROUND. SEE TEXT FOR ADDITIONAL INFORMATION.,20 EAM 1965 4764
,20260103,http://www.ngs.noaa.gov/cgi-bin/ds_mark.prl?PidBox=MR0546,MR0546,20 FMK,,,,UT,WEBER,OGDEN (2017),41 08 16.     (N),111 52 50.     (W),41.1377777778,-111.8805555556,,NAD 83,(1986),,SCALED,1414.791,NAVD 88,,ADJUSTED,-16.329,GEOID18,1413.693,979798.8,,,,,,,,1,2,,,,UT N,1089400.,468050.,,,,,,,,C,1974,1983,GOOD,NGS,,DB = BENCH MARK DISK,80 = SET IN A BOULDER,20 FMK 1974
,20260103,http://www.ngs.noaa.gov/cgi-bin/ds_mark.prl?PidBox=JO0631,JO0631,21 DOR,,,,UT,BEAVER,PINE GROVE RESERVOIR (2017),38 16 10.     (N),113 41 48.     (W),38.2694444444,-113.6966666667,,NAD 83,(1986),,SCALED,1839.734,NAVD 88,,POSTED,-21.577,GEOID18,1837.65,979433.2,,,,,,,,,,,,,UT S,3180140.,307790.,,,,,,,,B,1971,1971,MONUMENTED,USGS,,DB = BENCH MARK DISK,46 = COPPER-CLAD STEEL ROD W/O SLEEVE (10 FT.+),21 DOR 1971 6032
,20260103,http://www.ngs.noaa.gov/cgi-bin/ds_mark.prl?PidBox=HO0675,HO0675,21 DOR,,,,UT,IRON,MODENA (2017),37 46 48.     (N),113 57 59.     (W),37.7800000000,-113.9663888889,,NAD 83,(1986),,SCALED,1678.175,NAVD 88,,POSTED,-23.036,GEOID18,1676.28,979440.1,,,,,,,,,,,,,UT S,3126430.,282760.,,,,,,,,C,1972,1972,MONUMENTED,USGS,Y,DD = SURVEY DISK,36 = SET IN A MASSIVE STRUCTURE,21 DOR 1972 5502
,20260103,http://www.ngs.noaa.gov/cgi-bin/ds_mark.prl?PidBox=LN0380,LN0380,21 EAM,,,,UT,UINTAH,JENSEN (2017),40 21 58.     (N),109 19 18.     (W),40.3661111111,-109.3216666667,,NAD 83,(1986),,SCALED,1485.236,NAVD 88,,ADJUSTED,-17.120,GEOID18,1483.908,979679.6,,,,,,,,1,2,,,,UT C,2227930.,684990.,,,,,,,,B,1965,1984,GOOD,NGS,,DB = BENCH MARK DISK,66 = SET IN ROCK OUTCROP,21 EAM 1965 4869
,20260103,http://www.ngs.noaa.gov/cgi-bin/ds_mark.prl?PidBox=MR0545,MR0545,21 FMK RESET,,,,UT,WEBER,OGDEN (2017),41 08 17.     (N),111 53 20.     (W),41.1380555556,-111.8888888889,,NAD 83,(1986),,SCALED,1403.980,NAVD 88,,ADJUSTED,-16.360,GEOID18,1402.895,979802.7,,,,,,,,1,2,,,,UT N,1089440.,467350.,,,,,,,,C,1977,1983,GOOD,NGS,,DB = BENCH MARK DISK,32 = SET IN A RETAINING WALL OR CONCRETE LEDGE,21 FMK 1974 RESET 1977
