FeatureId,DATA_DATE,DATA_SRCE,PID,NAME,HT_MOD,CORS_ID,PACS_SACS,STATE,COUNTY,QUAD,LATITUDE,LONGITUDE,DEC_LAT,DEC_LON,ELLIP_HT,POS_DATUM,DATUM_TAG,POS_EPOCH,POS_SRCE,ORTHO_HT,VERT_DATUM,VERT_EPOCH,VERT_SRCE,GEOID_HT,GEOID_MOD,DYNAMIC_HT,MODEL_GRAV,N_ACC_HZ,N_ACC_EH,N_ACC_STDN,N_ACC_STDE,N_ACC_STDH,N_ACC_CORR,POS_ORDER,VERT_ORDER,VERT_CLASS,ECEF_X,ECEF_Y,ECEF_Z,SPC_ZONE,SPC_NORTH,SPC_EAST,SPC_CONV,SPC_CSF,UTM_ZONE,UTM_NORTH,UTM_EAST,UTM_CONV,UTM_CSF,STABILITY,FIRST_RECV,LAST_RECV,LAST_COND,LAST_RECBY,SAT_USE,MARKER,SETTING,STAMPING
,20260103,http://www.ngs.noaa.gov/cgi-bin/ds_mark.prl?PidBox=AH3562,AH3562,0111 87 01,,,,VT,ADDISON,EAST MIDDLEBURY (2018),43 57 56.     (N),073 07 00.     (W),43.9655555556,-73.1166666667,,NAD 83,(1986),,SCALED,117.719,NAVD 88,,ADJUSTED,-28.508,GEOID18,117.700,980456.8,,,,,,,,1,2,,,,VT,163000.,450510.,,,,,,,,B,1987,19970327,GOOD,VTGS,Y,DD = SURVEY DISK,38 = SET IN THE ABUTMENT OR PIER OF A LARGE BRIDGE,0111 87 01
,20260103,http://www.ngs.noaa.gov/cgi-bin/ds_mark.prl?PidBox=MZ3113,MZ3113,0202 86 101,,,,VT,BENNINGTON,BENNINGTON (2018),42 53 20.     (N),073 14 22.     (W),42.8888888889,-73.2394444444,,NAD 83,(1986),,SCALED,251.760,NAVD 88,,ADJUSTED,-29.902,GEOID18,251.684,980315.8,,,,,,,,2,1,,,,VT,43460.,439600.,,,,,,,,D,1986,19930804,GOOD,VTAT,Y,DD = SURVEY DISK,2 = IMBEDDED OR DRIVEN IN THE GROUND,0202-86-101
,20260103,http://www.ngs.noaa.gov/cgi-bin/ds_mark.prl?PidBox=MZ3114,MZ3114,0202 86 102,,,SACS,VT,BENNINGTON,BENNINGTON (2018),42 53 29.08880(N),073 14 45.83003(W),42.8914135556,-73.2460638972,214.740,NAD 83,(2011),2010.00,ADJUSTED,244.660,NAVD 88,,ADJUSTED,-29.938,GEOID18,244.587,980318.0,0.36,0.86,0.16,0.13,0.44,0.08745049,,2,1,1349161.308,-4481656.578,4318817.766,VT,43749.375,439060.258,-0 30 28.1,0.99997627,18,4750248.730,643213.613,+1 11 38.2,0.99985233,C,1986,20030716,GOOD,NGS,Y,DD = SURVEY DISK,17 = SET INTO TOP OF METAL PIPE DRIVEN INTO GROUND,0202-86-102
,20260103,http://www.ngs.noaa.gov/cgi-bin/ds_mark.prl?PidBox=MZ3115,MZ3115,0202 86 103,,,,VT,BENNINGTON,HOOSICK FALLS (2019),42 53 36.     (N),073 15 04.     (W),42.8933333333,-73.2511111111,,NAD 83,(1986),,SCALED,241.219,NAVD 88,,ADJUSTED,-29.964,GEOID18,241.148,980319.7,,,,,,,,2,1,,,,VT,43970.,438650.,,,,,,,,D,1986,19930804,GOOD,VTAT,Y,DD = SURVEY DISK,2 = IMBEDDED OR DRIVEN IN THE GROUND,0202-86-103
,20260103,http://www.ngs.noaa.gov/cgi-bin/ds_mark.prl?PidBox=MZ3112,MZ3112,0202 86 114,,,,VT,BENNINGTON,BENNINGTON (2018),42 53 08.     (N),073 13 39.     (W),42.8855555556,-73.2275000000,,NAD 83,(1986),,SCALED,256.143,NAVD 88,,ADJUSTED,-29.833,GEOID18,256.065,980311.3,,,,,,,,2,1,,,,VT,43090.,440570.,,,,,,,,A,1986,19930804,GOOD,VTAT,Y,DD = SURVEY DISK,66 = SET IN ROCK OUTCROP,0202-86-114
,20260103,http://www.ngs.noaa.gov/cgi-bin/ds_mark.prl?PidBox=PG2680,PG2680,0303 92 01,,,,VT,CALEDONIA,JOES POND (2018),44 24 31.1    (N),072 11 46.4    (W),44.4086388889,-72.1962222222,,NAD 83,(1986),,HD_HELD2,477.015,NAVD 88,,ADJUSTED,-27.491,GEOID18,476.929,980424.3,,,,,,,,2,1,,,,VT,212090.,524196.,,,,,,,,B,1987,20180515,GOOD,VTGS,N,DD = SURVEY DISK,38 = SET IN THE ABUTMENT OR PIER OF A LARGE BRIDGE,0303 92 01
,20260103,http://www.ngs.noaa.gov/cgi-bin/ds_mark.prl?PidBox=DO7730,DO7730,0305 87 01,,,,VT,CALEDONIA,CASPIAN LAKE (2018),44 31 26.5    (N),072 17 45.9    (W),44.5240277778,-72.2960833333,,NAD 83,(1986),,HD_HELD2,329.353,NAVD 88,,ADJUSTED,-27.525,GEOID18,329.303,980457.0,,,,,,,,2,1,,,,VT,224887.,516210.,,,,,,,,B,1987,20050907,GOOD,VTGS,N,DD = SURVEY DISK,37 = SET IN A MASSIVE RETAINING WALL,0305-87-01
,20260103,http://www.ngs.noaa.gov/cgi-bin/ds_mark.prl?PidBox=AH2856,AH2856,0307 87 10,,,,VT,CALEDONIA,BURKE MOUNTAIN (2018),44 34 26.     (N),071 59 55.     (W),44.5738888889,-71.9986111111,,NAD 83,(1986),,SCALED,267.312,NAVD 88,,ADJUSTED,-27.521,GEOID18,267.275,980472.6,,,,,,,,1,2,,,,VT,230530.,539820.,,,,,,,,C,1987,19980812,GOOD,VTGS,N,DD = SURVEY DISK,17 = SET INTO TOP OF METAL PIPE DRIVEN INTO GROUND,0307-87-10
,20260103,http://www.ngs.noaa.gov/cgi-bin/ds_mark.prl?PidBox=PG2661,PG2661,0701 92 01,,,,VT,GRAND ISLE,ROUSES POINT (2019),44 56 45.     (N),073 16 25.     (W),44.9458333333,-73.2736111111,,NAD 83,(1986),,SCALED,39.113,NAVD 88,,ADJUSTED,-29.331,GEOID18,39.112,980589.4,,,,,,,,2,1,,,,VT,272030.,438950.,,,,,,,,C,1992,1992,MONUMENTED,VTAT,Y,DD = SURVEY DISK,7 = SET IN TOP OF CONCRETE MONUMENT,0701-92-01
,20260103,http://www.ngs.noaa.gov/cgi-bin/ds_mark.prl?PidBox=PG2663,PG2663,0701 92 02,,,,VT,GRAND ISLE,ROUSES POINT (2019),44 54 41.50   (N),073 16 48.57   (W),44.9115277778,-73.2801583333,,NAD 83,(1986),,HD_HELD1,35.258,NAVD 88,,ADJUSTED,-29.263,GEOID18,35.256,980588.5,,,,,,,,2,1,,,,VT,268223.0,438394.6,,,,,,,,C,1992,20160208,GOOD,VTGS,Y,DD = SURVEY DISK,80 = SET IN A BOULDER,0701-92-02
,20260103,http://www.ngs.noaa.gov/cgi-bin/ds_mark.prl?PidBox=PG2666,PG2666,0701 92 03,,,,VT,GRAND ISLE,ROUSES POINT (2019),44 54 15.     (N),073 18 41.     (W),44.9041666667,-73.3113888889,,NAD 83,(1986),,SCALED,31.225,NAVD 88,,ADJUSTED,-29.247,GEOID18,31.224,980590.8,,,,,,,,2,1,,,,VT,267430.,435920.,,,,,,,,B,1992,1992,MONUMENTED,VTAT,N,DD = SURVEY DISK,36 = SET IN A MASSIVE STRUCTURE,0701-92-03
,20260103,http://www.ngs.noaa.gov/cgi-bin/ds_mark.prl?PidBox=PG2667,PG2667,0701 92 04,,,,VT,GRAND ISLE,ROUSES POINT (2019),44 54 46.     (N),073 18 49.     (W),44.9127777778,-73.3136111111,,NAD 83,(1986),,SCALED,36.366,NAVD 88,,ADJUSTED,-29.261,GEOID18,36.365,980591.3,,,,,,,,2,1,,,,VT,268390.,435750.,,,,,,,,C,1992,1992,MONUMENTED,VTAT,Y,DD = SURVEY DISK,35 = SET IN A MAT FOUNDATION OR CONCRETE SLAB OTHER THAN PAVEMENT,0701-92-04
,20260103,http://www.ngs.noaa.gov/cgi-bin/ds_mark.prl?PidBox=PG2668,PG2668,0701 92 05,,,,VT,GRAND ISLE,ROUSES POINT (2019),44 55 51.     (N),073 18 36.     (W),44.9308333333,-73.3100000000,,NAD 83,(1986),,SCALED,31.900,NAVD 88,,ADJUSTED,-29.294,GEOID18,31.899,980591.9,,,,,,,,2,1,,,,VT,270390.,436060.,,,,,,,,C,1992,1992,MONUMENTED,VTAT,Y,DD = SURVEY DISK,34 = SET IN THE FOOTINGS OF SMALL/MEDIUM STRUCTURES,0701-92-05
,20260103,http://www.ngs.noaa.gov/cgi-bin/ds_mark.prl?PidBox=PG2669,PG2669,0701 92 06,,,,VT,GRAND ISLE,ROUSES POINT (2019),44 56 42.21   (N),073 18 38.45   (W),44.9450583333,-73.3106805556,,NAD 83,(1986),,HD_HELD1,31.511,NAVD 88,,ADJUSTED,-29.323,GEOID18,31.510,980592.6,,,,,,,,2,1,,,,VT,271972.7,436021.6,,,,,,,,C,1992,1992,MONUMENTED,VTAT,Y,DD = SURVEY DISK,32 = SET IN A RETAINING WALL OR CONCRETE LEDGE,0701-92-06
,20260103,http://www.ngs.noaa.gov/cgi-bin/ds_mark.prl?PidBox=PG2681,PG2681,0803 88 01,,,,VT,LAMOILLE,EDEN (2018),44 42 44.73   (N),072 31 59.98   (W),44.7124250000,-72.5333277778,,NAD 83,(1986),,HD_HELD1,324.878,NAVD 88,,ADJUSTED,-27.462,GEOID18,324.844,980504.3,,,,,,,,2,1,,,,VT,245802.3,497359.2,,,,,,,,D,1988,20130808,GOOD,VTGS,N,DD = SURVEY DISK,31 = SET IN A PAVEMENT SUCH AS STREET SIDEWALK CURB ETC.,0803-88-01
,20260103,http://www.ngs.noaa.gov/cgi-bin/ds_mark.prl?PidBox=OD1824,OD1824,0909 92 01,,,,VT,ORANGE,RANDOLPH CENTER (2018),43 56 40.     (N),072 37 21.     (W),43.9444444444,-72.6225000000,,NAD 83,(1986),,SCALED,347.269,NAVD 88,,ADJUSTED,-27.427,GEOID18,347.205,980425.0,,,,,,,,2,1,,,,VT,160480.,490170.,,,,,,,,B,1992,20090716,GOOD,VTGS,N,DD = SURVEY DISK,38 = SET IN THE ABUTMENT OR PIER OF A LARGE BRIDGE,0909-92-01
,20260103,http://www.ngs.noaa.gov/cgi-bin/ds_mark.prl?PidBox=OD1822,OD1822,0909 92 02,,,,VT,ORANGE,RANDOLPH (2018),43 56 26.23   (N),072 37 55.97   (W),43.9406194444,-72.6322138889,,NAD 83,(1986),,HD_HELD1,281.796,NAVD 88,,ADJUSTED,-27.433,GEOID18,281.746,980434.4,,,,,,,,2,1,,,,VT,160051.3,489385.4,,,,,,,,C,1992,20090716,GOOD,VTGS,Y,DD = SURVEY DISK,7 = SET IN TOP OF CONCRETE MONUMENT,0909-92-02
,20260103,http://www.ngs.noaa.gov/cgi-bin/ds_mark.prl?PidBox=OD1821,OD1821,0909 92 03,,,,VT,ORANGE,RANDOLPH (2018),43 56 07.5    (N),072 38 29.2    (W),43.9354166667,-72.6414444444,,NAD 83,(1986),,HD_HELD2,253.815,NAVD 88,,ADJUSTED,-27.439,GEOID18,253.773,980448.2,,,,,,,,2,1,,,,VT,159474.,488643.,,,,,,,,A,1992,20110629,GOOD,VTGS,N,DD = SURVEY DISK,66 = SET IN ROCK OUTCROP,0909-92-03
,20260103,http://www.ngs.noaa.gov/cgi-bin/ds_mark.prl?PidBox=OD1166,OD1166,1 91 1 21,,,,VT,WINDSOR,HARTLAND (2018),43 31 38.0    (N),072 24 06.3    (W),43.5272222222,-72.4017500000,,NAD 83,(1986),,HD_HELD2,143.816,NAVD 88,,ADJUSTED,-27.671,GEOID18,143.787,980413.4,,,,,,,,1,2,,,,VT,114118.,507942.,,,,,,,,B,UNK,20040425,GOOD,VTGS,Y,DD = SURVEY DISK,36 = SET IN A MASSIVE STRUCTURE,1 91 1 21
,20260103,http://www.ngs.noaa.gov/cgi-bin/ds_mark.prl?PidBox=OD1169,OD1169,1 91 1 22,,,,VT,WINDSOR,HARTLAND (2018),43 34 00.     (N),072 23 06.     (W),43.5666666667,-72.3850000000,,NAD 83,(1986),,SCALED,149.302,NAVD 88,,ADJUSTED,-27.668,GEOID18,149.272,980415.9,,,,,,,,1,2,,,,VT,118500.,509290.,,,,,,,,B,UNK,20040425,MARK NOT FOUND,VTGS,,DD = SURVEY DISK,36 = SET IN A MASSIVE STRUCTURE,CONT. 2 1 91-1 22
,20260103,http://www.ngs.noaa.gov/cgi-bin/ds_mark.prl?PidBox=AA8296,AA8296,1 HBC,,,,VT,LAMOILLE,MORRISVILLE (2018),44 31 18.     (N),072 37 09.     (W),44.5216666667,-72.6191666667,,NAD 83,(1986),,SCALED,219.488,NAVD 88,,ADJUSTED,-27.582,GEOID18,219.464,980504.0,,,,,,,,2,1,,,,VT,224610.,490530.,,,,,,,,D,1967,19940428,GOOD,VTAT,Y,DD = SURVEY DISK,34 = SET IN THE FOOTINGS OF SMALL/MEDIUM STRUCTURES,1 HBC 1967 720
,20260103,http://www.ngs.noaa.gov/cgi-bin/ds_mark.prl?PidBox=PG1583,PG1583,10,,,,VT,CHITTENDEN,MOUNT PHILO (2018),44 18 42.     (N),073 14 50.     (W),44.3116666667,-73.2472222222,,NAD 83,(1986),,SCALED,75.573,NAVD 88,,ADJUSTED,-29.010,GEOID18,75.564,980497.1,,,,,,,,1,2,,,,VT,201540.,440390.,,,,,,,,C,UNK,19911016,MARK NOT FOUND,VTAT,,DB = BENCH MARK DISK,32 = SET IN A RETAINING WALL OR CONCRETE LEDGE,10
,20260103,http://www.ngs.noaa.gov/cgi-bin/ds_mark.prl?PidBox=AB9588,AB9588,10 91,,,,VT,CHITTENDEN,COLCHESTER (2018),44 30 12.57077(N),073 14 24.31250(W),44.5034918806,-73.2400868056,28.408,NAD 83,(2011),2010.00,ADJUSTED,57.497,NAVD 88,,ADJUSTED,-29.091,GEOID18,57.491,980525.0,1.19,1.25,0.53,0.43,0.64,0.07421748,,1,2,1313908.646,-4362905.009,4448184.853,VT,222851.498,441146.805,-0 31 07.6,1.00000241,18,4929303.372,639901.205,+1 14 01.7,0.99984070,C,1991,19970102,GOOD,VTGS,Y,DO = NOT SPECIFIED OR SEE DESCRIPTION,7 = SET IN TOP OF CONCRETE MONUMENT,10 91
,20260103,http://www.ngs.noaa.gov/cgi-bin/ds_mark.prl?PidBox=AE3605,AE3605,11 AIM,,,,VT,ADDISON,BREAD LOAF (2018),43 55 45.36381(N),072 53 55.83544(W),43.9292677250,-72.8988431778,317.140,NAD 83,(2011),2010.00,ADJUSTED,344.6,NAVD 88,,GPS OBS,-27.494,GEOID18,,,1.69,2.27,0.78,0.55,1.16,-0.25714253,,,,1353015.583,-4397729.948,4402654.850,VT,158858.911,467973.461,-0 16 36.1,0.99992717,18,4866162.826,668659.854,+1 27 29.0,0.99994988,B,1963,20111011,GOOD,VTGS,N,DB = BENCH MARK DISK,38 = SET IN THE ABUTMENT OR PIER OF A LARGE BRIDGE,11 AIM 1963 1131
,20260103,http://www.ngs.noaa.gov/cgi-bin/ds_mark.prl?PidBox=AE3660,AE3660,11 KEM,,,,VT,WASHINGTON,BARRE EAST (2018),44 13 08.87496(N),072 29 31.97154(W),44.2191319333,-72.4922143167,206.124,NAD 83,(2011),2010.00,ADJUSTED,233.7,NAVD 88,,GPS OBS,-27.619,GEOID18,,,0.98,1.41,0.47,0.29,0.72,0.03022325,,,,1377427.974,-4366574.346,4425717.972,VT,190988.337,500622.135,+0 00 19.5,0.99993197,18,4899270.166,700319.846,+1 44 58.3,1.00009354,C,1976,20060425,GOOD,VTGS,Y,DD = SURVEY DISK,32 = SET IN A RETAINING WALL OR CONCRETE LEDGE,767 11 KEM 1976
,20260103,http://www.ngs.noaa.gov/cgi-bin/ds_mark.prl?PidBox=AH4602,AH4602,1105 87 03,,,,VT,RUTLAND,RUTLAND (2018),43 32 18.     (N),072 57 00.     (W),43.5383333333,-72.9500000000,,NAD 83,(1986),,SCALED,235.876,NAVD 88,,ADJUSTED,-27.970,GEOID18,235.829,980414.9,,,,,,,,1,2,,,,VT,115450.,463630.,,,,,,,,C,1987,19980722,GOOD,VTGS,Y,DD = SURVEY DISK,17 = SET INTO TOP OF METAL PIPE DRIVEN INTO GROUND,1105-87-03
,20260103,http://www.ngs.noaa.gov/cgi-bin/ds_mark.prl?PidBox=OD0262,OD0262,12,,,,VT,RUTLAND,RUTLAND (2018),43 36 18.     (N),072 58 48.     (W),43.6050000000,-72.9800000000,,NAD 83,(1986),,SCALED,170.417,NAVD 88,,POSTED,-28.147,GEOID18,170.38,980424.2,,,,,,,,,,,,,VT,122870.,461250.,,,,,,,,D,UNK,19980113,MARK NOT FOUND,VTGS,,Z = SEE DESCRIPTION,30 = SET IN A LIGHT STRUCTURE,
,20260103,http://www.ngs.noaa.gov/cgi-bin/ds_mark.prl?PidBox=MZ0347,MZ0347,12,,,,VT,WINDHAM,PUTNEY (2018),42 56 20.     (N),072 36 54.     (W),42.9388888889,-72.6150000000,,NAD 83,(1986),,SCALED,117.504,NAVD 88,,ADJUSTED,-27.903,GEOID18,117.476,980386.1,,,,,,,,2,0,,,,VT,48760.,490610.,,,,,,,,D,1934,19930101,MARK NOT FOUND,LOCSUR,,DD = SURVEY DISK,9 = POST (STONE OR PRECAST CONCRETE),12 386
,20260103,http://www.ngs.noaa.gov/cgi-bin/ds_mark.prl?PidBox=AE3639,AE3639,12 HBC,,,,VT,LAMOILLE,MORRISVILLE (2018),44 32 28.54539(N),072 31 27.09026(W),44.5412626083,-72.5241917389,320.696,NAD 83,(2011),2010.00,ADJUSTED,348.2,NAVD 88,,GPS OBS,-27.525,GEOID18,,,1.69,1.98,0.80,0.52,1.01,0.08292845,,,,1367496.732,-4343539.477,4451382.372,VT,226782.367,498077.468,-0 01 01.1,0.99991405,18,4934974.143,696683.388,+1 44 13.7,1.00007575,C,1967,19920901,GOOD,VTAT,Y,DB = BENCH MARK DISK,32 = SET IN A RETAINING WALL OR CONCRETE LEDGE,12 HBC 1967 1143
,20260103,http://www.ngs.noaa.gov/cgi-bin/ds_mark.prl?PidBox=PG2645,PG2645,1203 87 04,,,SACS,VT,WASHINGTON,BARRE WEST (2018),44 11 40.73279(N),072 33 39.18401(W),44.1946479972,-72.5608844472,335.644,NAD 83,(2011),2010.00,ADJUSTED,363.248,NAVD 88,,ADJUSTED,-27.588,GEOID18,363.192,980454.3,0.40,0.84,0.18,0.14,0.43,-0.00830948,,2,1,1372789.899,-4370120.464,4423858.024,VT,188269.643,495132.857,-0 02 32.8,0.99991196,18,4896385.367,694915.208,+1 42 03.0,1.00006727,A,1987,20230213,GOOD,VTAT,Y,DD = SURVEY DISK,66 = SET IN ROCK OUTCROP,1203 87 04
,20260103,http://www.ngs.noaa.gov/cgi-bin/ds_mark.prl?PidBox=AB7394,AB7394,1302 01,,,,VT,WINDHAM,GOVERNORS MOUNTAIN (2018),42 52 16.0    (N),072 39 04.6    (W),42.8711111111,-72.6512777778,,NAD 83,(1986),,HD_HELD2,237.802,NAVD 88,,ADJUSTED,-27.894,GEOID18,237.744,980367.0,,,,,,,,2,1,,,,VT,41235.,487639.,,,,,,,,C,1986,20111027,GOOD,VTGS,N,DD = SURVEY DISK,80 = SET IN A BOULDER,1302 01 1986
,20260103,http://www.ngs.noaa.gov/cgi-bin/ds_mark.prl?PidBox=AB7395,AB7395,1302 02,,,,VT,WINDHAM,GOVERNORS MOUNTAIN (2018),42 52 15.7    (N),072 38 57.9    (W),42.8710277778,-72.6494166667,,NAD 83,(1986),,HD_HELD2,230.711,NAVD 88,,ADJUSTED,-27.897,GEOID18,230.654,980367.1,,,,,,,,2,1,,,,VT,41226.,487791.,,,,,,,,A,1986,20111027,GOOD,VTGS,N,DD = SURVEY DISK,66 = SET IN ROCK OUTCROP,1302 02 1986
,20260103,http://www.ngs.noaa.gov/cgi-bin/ds_mark.prl?PidBox=AB7393,AB7393,1302 03,,,,VT,WINDHAM,NEWFANE (2018),42 52 31.9    (N),072 39 50.7    (W),42.8755277778,-72.6640833333,,NAD 83,(1986),,HD_HELD2,296.245,NAVD 88,,ADJUSTED,-27.871,GEOID18,296.171,980361.7,,,,,,,,2,1,,,,VT,41728.,486594.,,,,,,,,A,1986,20111027,GOOD,VTGS,N,DD = SURVEY DISK,66 = SET IN ROCK OUTCROP,1302 03 1986
,20260103,http://www.ngs.noaa.gov/cgi-bin/ds_mark.prl?PidBox=PG0309,PG0309,1349,,,,VT,WASHINGTON,LINCOLN (2018),44 06 01.     (N),072 53 52.     (W),44.1002777778,-72.8977777778,,NAD 83,(1986),,SCALED,411.429,NAVD 88,,ADJUSTED,-27.468,GEOID18,411.351,980417.4,,,,,,,,2,0,,,,VT,177860.,468150.,,,,,,,,C,1915,19911001,GOOD,VTAT,N,DB = BENCH MARK DISK,80 = SET IN A BOULDER,1349
,20260103,http://www.ngs.noaa.gov/cgi-bin/ds_mark.prl?PidBox=MZ0349,MZ0349,14,,,,VT,WINDHAM,NEWFANE (2018),42 57 12.     (N),072 38 48.     (W),42.9533333333,-72.6466666667,,NAD 83,(1986),,SCALED,116.227,NAVD 88,,ADJUSTED,-27.870,GEOID18,116.200,980390.5,,,,,,,,2,0,,,,VT,50370.,488030.,,,,,,,,D,1934,19920101,MARK NOT FOUND,VTAT,,DD = SURVEY DISK,9 = POST (STONE OR PRECAST CONCRETE),
,20260103,http://www.ngs.noaa.gov/cgi-bin/ds_mark.prl?PidBox=OD1174,OD1174,14 SKS,,,,VT,WINDSOR,NORTH HARTLAND (2018),43 37 01.64006(N),072 21 19.60460(W),43.6171222389,-72.3554457222,159.033,NAD 83,(2011),2010.00,ADJUSTED,186.681,NAVD 88,,ADJUSTED,-27.664,GEOID18,186.645,980424.2,1.02,2.06,0.44,0.39,1.05,-0.06078499,,1,2,1401900.726,-4407456.602,4377501.393,VT,124111.165,511668.030,+0 05 59.0,0.99994102,18,4832747.271,713387.268,+1 49 30.0,1.00016011,C,1956,20220215,GOOD,VTGS,Y,DB = BENCH MARK DISK,32 = SET IN A RETAINING WALL OR CONCRETE LEDGE,613 14 SKS 1956
,20260103,http://www.ngs.noaa.gov/cgi-bin/ds_mark.prl?PidBox=DP7605,DP7605,14030,,,,VT,WINDSOR,PLYMOUTH (2018),43 36 14.8    (N),072 44 01.4    (W),43.6041111111,-72.7337222222,,NAD 83,(1986),,HD_HELD2,310.74,NAVD 88,,RESET,-27.217,GEOID18,,,,,,,,,,3,,,,,VT,122682.,481131.,,,,,,,,C,20140718,20140718,MONUMENTED,VTAT,N,DD = SURVEY DISK,80 = SET IN A BOULDER,14030
,20260103,http://www.ngs.noaa.gov/cgi-bin/ds_mark.prl?PidBox=PG1567,PG1567,150,,,,VT,CHITTENDEN,BURLINGTON (2018),44 29 19.     (N),073 11 11.     (W),44.4886111111,-73.1863888889,,NAD 83,(1986),,SCALED,52.351,NAVD 88,,ADJUSTED,-28.992,GEOID18,52.346,980512.2,,,,,,,,1,2,,,,VT,221160.,445400.,,,,,,,,B,UNK,19950501,MARK NOT FOUND,VTAT,,DB = BENCH MARK DISK,37 = SET IN A MASSIVE RETAINING WALL,150
,20260103,http://www.ngs.noaa.gov/cgi-bin/ds_mark.prl?PidBox=MZ0351,MZ0351,16,,,,VT,WINDHAM,NEWFANE (2018),42 59 29.82   (N),072 39 06.23   (W),42.9916166667,-72.6517305556,,NAD 83,(1986),,HD_HELD1,176.706,NAVD 88,,ADJUSTED,-27.835,GEOID18,176.665,980383.7,,,,,,,,2,0,,,,VT,54621.8,487626.5,,,,,,,,D,1934,19920101,MARK NOT FOUND,VTAT,,DD = SURVEY DISK,9 = POST (STONE OR PRECAST CONCRETE),
,20260103,http://www.ngs.noaa.gov/cgi-bin/ds_mark.prl?PidBox=AA8835,AA8835,16 SKS RESET,,,,VT,WINDSOR,QUECHEE (2018),43 38 14.76   (N),072 24 28.02   (W),43.6374333333,-72.4077833333,,NAD 83,(1986),,HD_HELD1,187.840,NAVD 88,,ADJUSTED,-27.626,GEOID18,187.804,980423.2,,,,,,,,1,2,,,,VT,126361.7,507441.0,,,,,,,,C,1972,20050825,GOOD,VTGS,N,DD = SURVEY DISK,35 = SET IN A MAT FOUNDATION OR CONCRETE SLAB OTHER THAN PAVEMENT,16 SKS RESET 1972
,20260103,http://www.ngs.noaa.gov/cgi-bin/ds_mark.prl?PidBox=PG1557,PG1557,162,,,,VT,CHITTENDEN,MILTON (2018),44 38 27.     (N),073 06 49.     (W),44.6408333333,-73.1136111111,,NAD 83,(1986),,SCALED,88.322,NAVD 88,,ADJUSTED,-28.721,GEOID18,88.315,980537.8,,,,,,,,1,2,,,,VT,238030.,451320.,,,,,,,,A,UNK,20090727,MARK NOT FOUND,VTGS,,DB = BENCH MARK DISK,38 = SET IN THE ABUTMENT OR PIER OF A LARGE BRIDGE,162
,20260103,http://www.ngs.noaa.gov/cgi-bin/ds_mark.prl?PidBox=MZ0341,MZ0341,1628.12,,,,VT,BENNINGTON,MOUNT SNOW (2018),42 53 37.     (N),072 57 07.     (W),42.8936111111,-72.9519444444,,NAD 83,(1986),,SCALED,528.359,NAVD 88,,ADJUSTED,-28.145,GEOID18,528.196,980295.7,,,,,,,,2,0,,,,VT,43820.,463090.,,,,,,,,B,1930,19950201,GOOD,VTAT,Y,DD = SURVEY DISK,36 = SET IN A MASSIVE STRUCTURE,1628.12 1930 POWER CO
,20260103,http://www.ngs.noaa.gov/cgi-bin/ds_mark.prl?PidBox=PG1600,PG1600,163 VTDH,,,,VT,ADDISON,SNAKE MOUNTAIN (2018),44 05 04.     (N),073 20 50.     (W),44.0844444444,-73.3472222222,,NAD 83,(1986),,SCALED,32.641,NAVD 88,,ADJUSTED,-28.970,GEOID18,32.636,980492.9,,,,,,,,1,2,,,,VT,176370.,432150.,,,,,,,,C,UNK,1984,GOOD,NGS,,DB = BENCH MARK DISK,32 = SET IN A RETAINING WALL OR CONCRETE LEDGE,NRS 163
,20260103,http://www.ngs.noaa.gov/cgi-bin/ds_mark.prl?PidBox=OD0170,OD0170,17,,,,VT,WINDHAM,TOWNSHEND (2018),43 00 43.     (N),072 38 53.     (W),43.0119444444,-72.6480555556,,NAD 83,(1986),,SCALED,135.157,NAVD 88,,ADJUSTED,-27.822,GEOID18,135.126,980390.4,,,,,,,,2,0,,,,VT,56880.,487930.,,,,,,,,D,1934,19920101,MARK NOT FOUND,VTAT,,DD = SURVEY DISK,9 = POST (STONE OR PRECAST CONCRETE),17
,20260103,http://www.ngs.noaa.gov/cgi-bin/ds_mark.prl?PidBox=AE3640,AE3640,17 HBC,,,,VT,LAMOILLE,MOUNT WORCESTER (2018),44 28 22.24349(N),072 31 51.36952(W),44.4728454139,-72.5309359778,346.487,NAD 83,(2011),2010.00,ADJUSTED,374.0,NAVD 88,,GPS OBS,-27.488,GEOID18,,,1.41,1.80,0.63,0.50,0.92,-0.25099501,,,,1368590.904,-4348801.872,4445978.219,VT,219180.154,497538.621,-0 01 18.0,0.99991004,18,4927358.161,696377.325,+1 43 49.1,1.00007427,C,1967,20160520,GOOD,VTGS,Y,DB = BENCH MARK DISK,34 = SET IN THE FOOTINGS OF SMALL/MEDIUM STRUCTURES,1227 17 HBC 1967
,20260103,http://www.ngs.noaa.gov/cgi-bin/ds_mark.prl?PidBox=PG2644,PG2644,17 KNAPP,,,,VT,WASHINGTON,BARRE WEST (2018),44 12 23.20476(N),072 34 05.64980(W),44.2064457667,-72.5682360556,304.080,NAD 83,(2011),2010.00,ADJUSTED,331.700,NAVD 88,,ADJUSTED,-27.607,GEOID18,331.651,980462.0,0.44,0.76,0.20,0.15,0.39,-0.06424051,,2,1,1371948.578,-4369402.972,4424775.872,VT,189580.981,494546.253,-0 02 51.3,0.99991697,18,4897678.381,694288.916,+1 41 45.8,1.00006427,D,1978,20070629,GOOD,INDIV,Y,DD = SURVEY DISK,17 = SET INTO TOP OF METAL PIPE DRIVEN INTO GROUND,17 1978
,20260103,http://www.ngs.noaa.gov/cgi-bin/ds_mark.prl?PidBox=PG0837,PG0837,174,,,,VT,CHITTENDEN,BURLINGTON (2018),44 22 40.     (N),073 13 41.     (W),44.3777777778,-73.2280555556,,NAD 83,(1986),,SCALED,52.838,NAVD 88,,ADJUSTED,-29.040,GEOID18,52.832,980504.7,,,,,,,,1,2,,,,VT,208870.,441980.,,,,,,,,A,1904,20080124,GOOD,VTGS,N,DB = BENCH MARK DISK,40 = SET IN A LARGE STRUCTURE WITH DEEP FOUNDATIONS,174 MONTPELIER
,20260103,http://www.ngs.noaa.gov/cgi-bin/ds_mark.prl?PidBox=OD0198,OD0198,1779.62,,,,VT,BENNINGTON,PERU (2018),43 13 24.     (N),072 54 45.     (W),43.2233333333,-72.9125000000,,NAD 83,(1986),,SCALED,554.262,NAVD 88,,ADJUSTED,-27.585,GEOID18,554.132,980366.0,,,,,,,,2,0,,,,VT,80440.,466490.,,,,,,,,D,UNK,1935,GOOD,CGS,,S = SPIKE,30 = SET IN A LIGHT STRUCTURE,
,20260103,http://www.ngs.noaa.gov/cgi-bin/ds_mark.prl?PidBox=OD0173,OD0173,18,,,,VT,WINDHAM,TOWNSHEND (2018),43 02 00.     (N),072 39 46.     (W),43.0333333333,-72.6627777778,,NAD 83,(1986),,SCALED,136.426,NAVD 88,,ADJUSTED,-27.797,GEOID18,136.394,980385.6,,,,,,,,2,0,,,,VT,59260.,486740.,,,,,,,,D,1934,19920101,MARK NOT FOUND,VTAT,,DD = SURVEY DISK,9 = POST (STONE OR PRECAST CONCRETE),9
,20260103,http://www.ngs.noaa.gov/cgi-bin/ds_mark.prl?PidBox=OD0175,OD0175,19,,,,VT,WINDHAM,TOWNSHEND (2018),43 02 33.     (N),072 40 21.     (W),43.0425000000,-72.6725000000,,NAD 83,(1986),,SCALED,137.294,NAVD 88,,ADJUSTED,-27.781,GEOID18,137.262,980386.3,,,,,,,,2,0,,,,VT,60280.,485940.,,,,,,,,D,1934,19920101,MARK NOT FOUND,VTAT,,DD = SURVEY DISK,9 = POST (STONE OR PRECAST CONCRETE),19
,20260103,http://www.ngs.noaa.gov/cgi-bin/ds_mark.prl?PidBox=PG1597,PG1597,19 EGM,,,,VT,ADDISON,SNAKE MOUNTAIN (2018),44 05 20.0    (N),073 18 09.8    (W),44.0888888889,-73.3027222222,,NAD 83,(1986),,HD_HELD2,88.316,NAVD 88,,ADJUSTED,-28.922,GEOID18,88.304,980490.3,,,,,,,,1,2,,,,VT,176830.,435715.,,,,,,,,D,1942,20100512,GOOD,VTGS,N,DB = BENCH MARK DISK,31 = SET IN A PAVEMENT SUCH AS STREET SIDEWALK CURB ETC.,EGM 19 1942 289
,20260103,http://www.ngs.noaa.gov/cgi-bin/ds_mark.prl?PidBox=AH3640,AH3640,1959 RESET,,,,VT,ADDISON,VERGENNES EAST (2018),44 11 52.5    (N),073 14 55.3    (W),44.1979166667,-73.2486944444,,NAD 83,(1986),,HD_HELD2,54.488,NAVD 88,,ADJUSTED,-28.917,GEOID18,54.481,980495.3,,,,,,,,1,2,,,,VT,188904.,440152.,,,,,,,,B,1996,19980408,GOOD,VTGS,Y,DB = BENCH MARK DISK,38 = SET IN THE ABUTMENT OR PIER OF A LARGE BRIDGE,1959 RESET
,20260103,http://www.ngs.noaa.gov/cgi-bin/ds_mark.prl?PidBox=AA8765,AA8765,2 724,,,,VT,RUTLAND,PICO PEAK (2018),43 39 51.2    (N),072 49 56.3    (W),43.6642222222,-72.8323055556,,NAD 83,(1986),,HD_HELD2,659.712,NAVD 88,,ADJUSTED,-27.297,GEOID18,659.560,980365.1,,,,,,,,1,2,,,,VT,129388.,473198.,,,,,,,,C,1992,20111013,GOOD,VTGS,N,DO = NOT SPECIFIED OR SEE DESCRIPTION,80 = SET IN A BOULDER,2-724 LS566 1992
,20260103,http://www.ngs.noaa.gov/cgi-bin/ds_mark.prl?PidBox=AE3730,AE3730,2 COLCHESTER AVE,Y,,,VT,CHITTENDEN,BURLINGTON (2018),44 28 50.71369(N),073 11 59.29000(W),44.4807538028,-73.1998027778,72.153,NAD 83,(2011),2010.00,ADJUSTED,101.18,NAVD 88,,GPS OBS,-29.019,GEOID18,,,1.47,1.31,0.62,0.57,0.67,-0.24481697,,,,1317496.660,-4363705.183,4446413.084,VT,220296.670,444328.647,-0 29 25.2,0.99999108,18,4926847.421,643159.165,+1 15 41.6,0.99985204,C,1996,1996,MONUMENTED,UVT,Y,DD = SURVEY DISK,7 = SET IN TOP OF CONCRETE MONUMENT,2 COLCHESTER AVE GPS 1996
,20260103,http://www.ngs.noaa.gov/cgi-bin/ds_mark.prl?PidBox=AA8294,AA8294,2 HBC,,,,VT,LAMOILLE,MORRISVILLE (2018),44 30 46.     (N),072 37 26.     (W),44.5127777778,-72.6238888889,,NAD 83,(1986),,SCALED,234.126,NAVD 88,,ADJUSTED,-27.582,GEOID18,234.100,980502.6,,,,,,,,2,1,,,,VT,223620.,490150.,,,,,,,,A,1967,19940503,GOOD,VTAT,Y,DD = SURVEY DISK,66 = SET IN ROCK OUTCROP,2 HBC 1967 768
,20260103,http://www.ngs.noaa.gov/cgi-bin/ds_mark.prl?PidBox=OD0176,OD0176,20,,,,VT,WINDHAM,TOWNSHEND (2018),43 02 50.     (N),072 41 06.     (W),43.0472222222,-72.6850000000,,NAD 83,(1986),,SCALED,140.172,NAVD 88,,ADJUSTED,-27.771,GEOID18,140.139,980388.1,,,,,,,,2,0,,,,VT,60800.,484930.,,,,,,,,D,1934,19920101,MARK NOT FOUND,VTAT,,DD = SURVEY DISK,9 = POST (STONE OR PRECAST CONCRETE),20
,20260103,http://www.ngs.noaa.gov/cgi-bin/ds_mark.prl?PidBox=PG1599,PG1599,20 EGM,,,,VT,ADDISON,SNAKE MOUNTAIN (2018),44 05 05.0    (N),073 20 50.1    (W),44.0847222222,-73.3472500000,,NAD 83,(1986),,HD_HELD2,32.397,NAVD 88,,ADJUSTED,-28.970,GEOID18,32.393,980492.8,,,,,,,,1,2,,,,VT,176403.,432144.,,,,,,,,C,1942,1984,GOOD,NGS,,DB = BENCH MARK DISK,32 = SET IN A RETAINING WALL OR CONCRETE LEDGE,EGM 20 1942 107
,20260103,http://www.ngs.noaa.gov/cgi-bin/ds_mark.prl?PidBox=AE6516,AE6516,206 VT 102,,,,VT,WINDSOR,WOODSTOCK NORTH (2018),43 39 18.05918(N),072 33 56.79400(W),43.6550164389,-72.5657761111,236.399,NAD 83,(2011),2010.00,ADJUSTED,263.8,NAVD 88,,GPS OBS,-27.400,GEOID18,,,1.07,1.55,0.49,0.36,0.79,0.13343742,,,,1384857.995,-4409854.632,4380601.985,VT,128313.204,494694.066,-0 02 43.5,0.99992756,18,4836436.770,696291.860,+1 40 51.3,1.00007395,D,UNK,19970618,GOOD,VTGS,Y,DV = VERTICAL CONTROL DISK,17 = SET INTO TOP OF METAL PIPE DRIVEN INTO GROUND,206-VT-102
,20260103,http://www.ngs.noaa.gov/cgi-bin/ds_mark.prl?PidBox=AA8836,AA8836,209 NHL,,,,VT,WINDSOR,QUECHEE (2018),43 38 14.12383(N),072 24 24.15692(W),43.6372566194,-72.4067102556,160.758,NAD 83,(2011),2010.00,ADJUSTED,188.390,NAVD 88,,ADJUSTED,-27.627,GEOID18,188.353,980423.1,1.94,2.76,0.92,0.58,1.41,0.14711930,,1,2,1397490.500,-4407239.047,4379121.885,VT,126342.190,507527.583,+0 03 51.8,0.99993977,18,4834852.992,709180.744,+1 47 24.9,1.00013824,C,UNK,20180419,GOOD,VTGS,N,DD = SURVEY DISK,7 = SET IN TOP OF CONCRETE MONUMENT,NHL 209
,20260103,http://www.ngs.noaa.gov/cgi-bin/ds_mark.prl?PidBox=OD0178,OD0178,21,,,,VT,WINDHAM,TOWNSHEND (2018),43 04 17.     (N),072 42 36.     (W),43.0713888889,-72.7100000000,,NAD 83,(1986),,SCALED,151.792,NAVD 88,,ADJUSTED,-27.734,GEOID18,151.757,980388.6,,,,,,,,2,0,,,,VT,63490.,482900.,,,,,,,,D,1934,19920101,MARK NOT FOUND,VTAT,,DD = SURVEY DISK,9 = POST (STONE OR PRECAST CONCRETE),21
,20260103,http://www.ngs.noaa.gov/cgi-bin/ds_mark.prl?PidBox=AA8838,AA8838,215 NHL,,,,VT,WINDSOR,QUECHEE (2018),43 38 07.     (N),072 23 59.     (W),43.6352777778,-72.3997222222,,NAD 83,(1986),,SCALED,194.700,NAVD 88,,ADJUSTED,-27.631,GEOID18,194.662,980421.9,,,,,,,,1,2,,,,VT,126120.,508090.,,,,,,,,C,UNK,19941009,GOOD,VTAT,N,DD = SURVEY DISK,7 = SET IN TOP OF CONCRETE MONUMENT,NHL 215
,20260103,http://www.ngs.noaa.gov/cgi-bin/ds_mark.prl?PidBox=PG0811,PG0811,217,,,,VT,ADDISON,VERGENNES EAST (2018),44 12 21.45   (N),073 14 42.77   (W),44.2059583333,-73.2452138889,,NAD 83,(1986),,HD_HELD1,66.166,NAVD 88,,ADJUSTED,-28.917,GEOID18,66.158,980495.4,,,,,,,,1,2,,,,VT,189794.6,440438.5,,,,,,,,C,1903,19980408,GOOD,VTGS,N,DB = BENCH MARK DISK,34 = SET IN THE FOOTINGS OF SMALL/MEDIUM STRUCTURES,217 MONTPELIER
,20260103,http://www.ngs.noaa.gov/cgi-bin/ds_mark.prl?PidBox=OD0179,OD0179,22,,,,VT,WINDHAM,TOWNSHEND (2018),43 04 56.     (N),072 42 44.     (W),43.0822222222,-72.7122222222,,NAD 83,(1986),,SCALED,156.547,NAVD 88,,ADJUSTED,-27.714,GEOID18,156.510,980382.0,,,,,,,,2,0,,,,VT,64700.,482720.,,,,,,,,D,1934,19920101,MARK NOT FOUND,VTAT,,DD = SURVEY DISK,9 = POST (STONE OR PRECAST CONCRETE),22
,20260103,http://www.ngs.noaa.gov/cgi-bin/ds_mark.prl?PidBox=QH0035,QH0035,23 GSC,,,,VT,ESSEX,NORTON POND OE N (2018),45 00 38.     (N),071 47 45.     (W),45.0105555556,-71.7958333333,,NAD 83,(1986),,SCALED,380.211,NAVD 88,,ADJUSTED,-27.500,GEOID18,380.160,980473.1,,,,,,,,2,0,,,,VT,279170.,555510.,,,,,,,,,UNK,1963,MARK NOT FOUND,GSC,,,,
,20260103,http://www.ngs.noaa.gov/cgi-bin/ds_mark.prl?PidBox=OD0181,OD0181,24,,,,VT,WINDHAM,JAMAICA (2018),43 04 54.     (N),072 45 01.     (W),43.0816666667,-72.7502777778,,NAD 83,(1986),,SCALED,175.860,NAVD 88,,ADJUSTED,-27.721,GEOID18,175.818,980377.2,,,,,,,,2,0,,,,VT,64650.,479620.,,,,,,,,D,1934,19920101,MARK NOT FOUND,VTAT,,DD = SURVEY DISK,9 = POST (STONE OR PRECAST CONCRETE),24
,20260103,http://www.ngs.noaa.gov/cgi-bin/ds_mark.prl?PidBox=AB7326,AB7326,24 426CII,,,,VT,BENNINGTON,BENNINGTON (2018),42 53 44.     (N),073 07 56.     (W),42.8955555556,-73.1322222222,,NAD 83,(1986),,SCALED,344.521,NAVD 88,,ADJUSTED,-29.154,GEOID18,344.412,980296.6,,,,,,,,2,1,,,,VT,44130.,448360.,,,,,,,,B,1975,19950418,GOOD,VTAT,N,DO = NOT SPECIFIED OR SEE DESCRIPTION,38 = SET IN THE ABUTMENT OR PIER OF A LARGE BRIDGE,24 426CII LS11 1975
,20260103,http://www.ngs.noaa.gov/cgi-bin/ds_mark.prl?PidBox=QH0036,QH0036,25 GSC,,,,VT,ESSEX,NORTON POND OE N (2018),45 00 38.     (N),071 47 45.     (W),45.0105555556,-71.7958333333,,NAD 83,(1986),,SCALED,369.345,NAVD 88,,ADJUSTED,-27.500,GEOID18,369.296,980473.1,,,,,,,,2,0,,,,VT,279170.,555510.,,,,,,,,,UNK,1963,MARK NOT FOUND,CGS,,,,
,20260103,http://www.ngs.noaa.gov/cgi-bin/ds_mark.prl?PidBox=MZ0380,MZ0380,26,,,,VT,BENNINGTON,WOODFORD (2018),42 52 49.9    (N),073 04 46.1    (W),42.8805277778,-73.0794722222,,NAD 83,(1986),,HD_HELD2,675.154,NAVD 88,,ADJUSTED,-28.753,GEOID18,674.918,980248.7,,,,,,,,2,0,,,,VT,42433.,452659.,,,,,,,,C,1896,20111027,GOOD,VTGS,N,B = BOLT,80 = SET IN A BOULDER,USGS 2215 FT. BM
,20260103,http://www.ngs.noaa.gov/cgi-bin/ds_mark.prl?PidBox=MZ0344,MZ0344,268,,,,VT,WINDHAM,PUTNEY (2018),42 53 52.3    (N),072 35 48.1    (W),42.8978611111,-72.5966944444,,NAD 83,(1986),,HD_HELD2,81.460,NAVD 88,,ADJUSTED,-27.958,GEOID18,81.440,980382.4,,,,,,,,2,0,,,,VT,44200.,492103.,,,,,,,,D,1934,1963,GOOD,CGS,,DD = SURVEY DISK,9 = POST (STONE OR PRECAST CONCRETE),
,20260103,http://www.ngs.noaa.gov/cgi-bin/ds_mark.prl?PidBox=PG1592,PG1592,27,,,,VT,ADDISON,VERGENNES WEST (2018),44 09 56.     (N),073 15 20.     (W),44.1655555556,-73.2555555556,,NAD 83,(1986),,SCALED,44.845,NAVD 88,,ADJUSTED,-28.905,GEOID18,44.840,980494.5,,,,,,,,1,2,,,,VT,185310.,439570.,,,,,,,,B,1968,20050902,GOOD,USPSQD,Y,DD = SURVEY DISK,38 = SET IN THE ABUTMENT OR PIER OF A LARGE BRIDGE,27
,20260103,http://www.ngs.noaa.gov/cgi-bin/ds_mark.prl?PidBox=PG0630,PG0630,271,,,,VT,FRANKLIN,SAINT ALBANS (2018),44 50 51.     (N),073 05 52.     (W),44.8475000000,-73.0977777778,,NAD 83,(1986),,SCALED,82.512,NAVD 88,,ADJUSTED,-28.937,GEOID18,82.507,980558.5,,,,,,,,2,0,,,,VT,260990.,452740.,,,,,,,,B,1914,2009,MARK NOT FOUND,VTGS,,DB = BENCH MARK DISK,36 = SET IN A MASSIVE STRUCTURE,271
,20260103,http://www.ngs.noaa.gov/cgi-bin/ds_mark.prl?PidBox=AA8764,AA8764,3 724,,,,VT,RUTLAND,PICO PEAK (2018),43 39 51.2    (N),072 49 56.8    (W),43.6642222222,-72.8324444444,,NAD 83,(1986),,HD_HELD2,660.359,NAVD 88,,ADJUSTED,-27.297,GEOID18,660.206,980365.1,,,,,,,,1,2,,,,VT,129388.,473187.,,,,,,,,C,1992,20111013,GOOD,VTGS,N,DO = NOT SPECIFIED OR SEE DESCRIPTION,80 = SET IN A BOULDER,3-724 LS566 1992
,20260103,http://www.ngs.noaa.gov/cgi-bin/ds_mark.prl?PidBox=AB7329,AB7329,31 426CII,,,,VT,BENNINGTON,BENNINGTON (2018),42 53 38.5    (N),073 07 31.4    (W),42.8940277778,-73.1253888889,,NAD 83,(1986),,HD_HELD2,369.064,NAVD 88,,ADJUSTED,-29.102,GEOID18,368.947,980291.2,,,,,,,,2,1,,,,VT,43959.,448919.,,,,,,,,A,1975,20111026,GOOD,VTGS,N,DO = NOT SPECIFIED OR SEE DESCRIPTION,66 = SET IN ROCK OUTCROP,TRUE COR BRS S 77 49 30 W 25.86 FT 31 426CII LS 11
,20260103,http://www.ngs.noaa.gov/cgi-bin/ds_mark.prl?PidBox=PG0285,PG0285,319,,,,VT,CHITTENDEN,RICHMOND (2018),44 24 11.3    (N),072 59 41.7    (W),44.4031388889,-72.9949166667,,NAD 83,(1986),,HD_HELD2,97.027,NAVD 88,,ADJUSTED,-28.286,GEOID18,97.017,980511.2,,,,,,,,2,0,,,,VT,211553.,460576.,,,,,,,,B,1919,20130614,GOOD,VTGS,N,DB = BENCH MARK DISK,36 = SET IN A MASSIVE STRUCTURE,MONTPELLIER 319
,20260103,http://www.ngs.noaa.gov/cgi-bin/ds_mark.prl?PidBox=OD0188,OD0188,32,,,,VT,WINDHAM,LONDONDERRY (2018),43 09 29.     (N),072 47 53.     (W),43.1580555556,-72.7980555556,,NAD 83,(1986),,SCALED,291.460,NAVD 88,,ADJUSTED,-27.513,GEOID18,291.393,980382.4,,,,,,,,2,0,,,,VT,73140.,475760.,,,,,,,,D,1934,19920101,MARK NOT FOUND,VTAT,,DD = SURVEY DISK,9 = POST (STONE OR PRECAST CONCRETE),32
,20260103,http://www.ngs.noaa.gov/cgi-bin/ds_mark.prl?PidBox=OD0189,OD0189,33,,,,VT,WINDHAM,LONDONDERRY (2018),43 10 21.     (N),072 47 54.     (W),43.1725000000,-72.7983333333,,NAD 83,(1986),,SCALED,304.589,NAVD 88,,ADJUSTED,-27.481,GEOID18,304.520,980385.2,,,,,,,,2,0,,,,VT,74750.,475740.,,,,,,,,D,1934,19920101,MARK NOT FOUND,VTAT,,DD = SURVEY DISK,9 = POST (STONE OR PRECAST CONCRETE),33
,20260103,http://www.ngs.noaa.gov/cgi-bin/ds_mark.prl?PidBox=PG0165,PG0165,33,,,,VT,ORANGE,NEWBURY (2018),44 02 45.73715(N),072 04 30.46687(W),44.0460380972,-72.0751296861,99.878,NAD 83,(2011),2010.00,ADJUSTED,127.457,NAVD 88,,ADJUSTED,-27.579,GEOID18,127.438,980465.3,1.07,1.47,0.49,0.36,0.75,-0.04610621,,1,2,1413276.123,-4369101.985,4411839.346,VT,171843.473,534049.664,+0 17 43.4,0.99996288,18,4881146.185,734321.006,+2 02 03.8,1.00027535,D,1955,20150624,GOOD,VTGS,Y,DR = REFERENCE MARK DISK,9 = POST (STONE OR PRECAST CONCRETE),33 187 S 41 57 E
,20260103,http://www.ngs.noaa.gov/cgi-bin/ds_mark.prl?PidBox=PG0282,PG0282,336,,,,VT,CHITTENDEN,RICHMOND (2018),44 22 41.     (N),072 54 20.     (W),44.3780555556,-72.9055555556,,NAD 83,(1986),,SCALED,102.352,NAVD 88,,POSTED,-27.869,GEOID18,102.34,980518.2,,,,,,,,,,,,,VT,208730.,467680.,,,,,,,,A,1919,19911001,POOR,VTAT,N,DB = BENCH MARK DISK,66 = SET IN ROCK OUTCROP,VT 336 1919
,20260103,http://www.ngs.noaa.gov/cgi-bin/ds_mark.prl?PidBox=OD0190,OD0190,34,,,,VT,WINDHAM,LONDONDERRY (2018),43 10 39.     (N),072 47 59.     (W),43.1775000000,-72.7997222222,,NAD 83,(1986),,SCALED,307.319,NAVD 88,,ADJUSTED,-27.472,GEOID18,307.250,980386.9,,,,,,,,2,0,,,,VT,75300.,475630.,,,,,,,,D,1934,19920101,MARK NOT FOUND,VTAT,,DD = SURVEY DISK,9 = POST (STONE OR PRECAST CONCRETE),34
,20260103,http://www.ngs.noaa.gov/cgi-bin/ds_mark.prl?PidBox=PG0280,PG0280,345,,,,VT,CHITTENDEN,WATERBURY (2018),44 22 01.     (N),072 51 28.     (W),44.3669444444,-72.8577777778,,NAD 83,(1986),,SCALED,105.129,NAVD 88,,POSTED,-27.731,GEOID18,105.12,980515.5,,,,,,,,,,,,,VT,207480.,471480.,,,,,,,,A,1919,1979,MARK NOT FOUND,VTAT,,DB = BENCH MARK DISK,66 = SET IN ROCK OUTCROP,345 1919
,20260103,http://www.ngs.noaa.gov/cgi-bin/ds_mark.prl?PidBox=PG0856,PG0856,347,,,,VT,CHITTENDEN,BURLINGTON (2018),44 28 20.     (N),073 11 24.     (W),44.4722222222,-73.1900000000,,NAD 83,(1986),,SCALED,105.446,NAVD 88,,ADJUSTED,-28.995,GEOID18,105.435,980509.9,,,,,,,,2,0,,,,VT,219340.,445100.,,,,,,,,D,UNK,19960228,MARK NOT FOUND,VTAT,,DD = SURVEY DISK,30 = SET IN A LIGHT STRUCTURE,
,20260103,http://www.ngs.noaa.gov/cgi-bin/ds_mark.prl?PidBox=OD0191,OD0191,35,,,,VT,WINDHAM,LONDONDERRY (2018),43 11 24.     (N),072 48 46.     (W),43.1900000000,-72.8127777778,,NAD 83,(1986),,SCALED,320.032,NAVD 88,,ADJUSTED,-27.460,GEOID18,319.963,980395.1,,,,,,,,2,0,,,,VT,76700.,474580.,,,,,,,,D,1934,19920101,MARK NOT FOUND,VTAT,,DD = SURVEY DISK,9 = POST (STONE OR PRECAST CONCRETE),35
,20260103,http://www.ngs.noaa.gov/cgi-bin/ds_mark.prl?PidBox=OD0097,OD0097,354,,,,VT,WINDSOR,WINDSOR (2018),43 28 34.     (N),072 23 14.     (W),43.4761111111,-72.3872222222,,NAD 83,(1986),,SCALED,107.815,NAVD 88,,ADJUSTED,-27.684,GEOID18,107.793,980416.9,,,,,,,,1,2,,,,VT,108440.,509120.,,,,,,,,D,1905,20050119,GOOD,VTGS,N,DB = BENCH MARK DISK,30 = SET IN A LIGHT STRUCTURE,354 ADJ
,20260103,http://www.ngs.noaa.gov/cgi-bin/ds_mark.prl?PidBox=PG0882,PG0882,358 MONTPELIER,,,,VT,CHITTENDEN,ESSEX JUNCTION (2018),44 29 22.0    (N),073 06 49.2    (W),44.4894444444,-73.1136666667,,NAD 83,(1986),,HD_HELD2,108.955,NAVD 88,,ADJUSTED,-28.790,GEOID18,108.942,980503.8,,,,,,,,1,2,,,,VT,221207.,451188.,,,,,,,,B,1904,20020815,GOOD,INDIV,Y,DB = BENCH MARK DISK,36 = SET IN A MASSIVE STRUCTURE,MONTPELIER 358
,20260103,http://www.ngs.noaa.gov/cgi-bin/ds_mark.prl?PidBox=PG0781,PG0781,366,,,,VT,ADDISON,MIDDLEBURY (2018),44 00 49.43   (N),073 10 05.90   (W),44.0137305556,-73.1683055556,,NAD 83,(1986),,HD_HELD1,111.608,NAVD 88,,ADJUSTED,-28.683,GEOID18,111.592,980470.4,,,,,,,,2,0,,,,VT,168383.2,446412.0,,,,,,,,B,1903,19961226,MARK NOT FOUND,VTGS,,DB = BENCH MARK DISK,36 = SET IN A MASSIVE STRUCTURE,366 MONTPELIER
,20260103,http://www.ngs.noaa.gov/cgi-bin/ds_mark.prl?PidBox=DL8599,DL8599,367,,,,VT,WINDSOR,HANOVER (2018),43 38 56.     (N),072 19 17.     (W),43.6488888889,-72.3213888889,,NAD 83,(1986),,SCALED,111.978,NAVD 88,,ADJUSTED,-27.687,GEOID18,111.957,980432.4,,,,,,,,2,1,,,,VT,127650.,514410.,,,,,,,,B,1905,20001127,GOOD,VTGS,N,DB = BENCH MARK DISK,36 = SET IN A MASSIVE STRUCTURE,367
,20260103,http://www.ngs.noaa.gov/cgi-bin/ds_mark.prl?PidBox=PG0625,PG0625,385 RESET,,,,VT,FRANKLIN,SAINT ALBANS (2018),44 48 39.7    (N),073 05 09.3    (W),44.8110277778,-73.0859166667,,NAD 83,(1986),,HD_HELD2,118.504,NAVD 88,,ADJUSTED,-28.803,GEOID18,118.496,980548.7,,,,,,,,1,2,,,,VT,256926.,453652.,,,,,,,,C,1963,20100713,GOOD,VTGS,N,DD = SURVEY DISK,35 = SET IN A MAT FOUNDATION OR CONCRETE SLAB OTHER THAN PAVEMENT,385 RESET 1963
,20260103,http://www.ngs.noaa.gov/cgi-bin/ds_mark.prl?PidBox=OD0012,OD0012,387,,,,VT,WINDSOR,HANOVER (2018),43 39 38.     (N),072 18 38.     (W),43.6605555556,-72.3105555556,,NAD 83,(1986),,SCALED,117.670,NAVD 88,,POSTED,-27.687,GEOID18,117.65,980429.3,,,,,,,,,,,,,VT,128940.,515280.,,,,,,,,D,UNK,1934,GOOD,CGS,,Q = CHISELED SQUARE,30 = SET IN A LIGHT STRUCTURE,
,20260103,http://www.ngs.noaa.gov/cgi-bin/ds_mark.prl?PidBox=OD0020,OD0020,392,,,,VT,WINDSOR,LYME (2018),43 45 08.     (N),072 13 50.     (W),43.7522222222,-72.2305555556,,NAD 83,(1986),,SCALED,119.517,NAVD 88,,ADJUSTED,-27.632,GEOID18,119.494,980433.4,,,,,,,,1,2,,,,VT,139150.,521700.,,,,,,,,B,1906,1978,GOOD,NGS,,DB = BENCH MARK DISK,36 = SET IN A MASSIVE STRUCTURE,392
,20260103,http://www.ngs.noaa.gov/cgi-bin/ds_mark.prl?PidBox=OD0445,OD0445,4,,,,VT,RUTLAND,THORN HILL (2019),43 35 30.     (N),073 15 31.     (W),43.5916666667,-73.2586111111,,NAD 83,(1986),,SCALED,114.43,NAVD 88,,VERTCON3,-29.265,GEOID18,,,,,,,,,,,,,,,VT,121550.,438740.,,,,,,,,B,UNK,1955,MARK NOT FOUND,CGS,,Q = CHISELED SQUARE,36 = SET IN A MASSIVE STRUCTURE,
,20260103,http://www.ngs.noaa.gov/cgi-bin/ds_mark.prl?PidBox=OD1270,OD1270,4 022 VTDH,,,,VT,RUTLAND,POULTNEY (2018),43 36 25.0    (N),073 12 00.7    (W),43.6069444444,-73.2001944444,,NAD 83,(1986),,HD_HELD2,124.033,NAVD 88,,ADJUSTED,-29.061,GEOID18,124.009,980419.9,,,,,,,,1,2,,,,VT,123208.,443473.,,,,,,,,B,1962,20050116,GOOD,GEOCAC,Y,DD = SURVEY DISK,37 = SET IN A MASSIVE RETAINING WALL,4-022 1962
,20260103,http://www.ngs.noaa.gov/cgi-bin/ds_mark.prl?PidBox=PG1524,PG1524,40 HBC,,,,VT,WASHINGTON,MIDDLESEX (2018),44 17 50.3    (N),072 41 10.3    (W),44.2973055556,-72.6861944444,,NAD 83,(1986),,HD_HELD2,176.033,NAVD 88,,ADJUSTED,-27.641,GEOID18,176.011,980493.0,,,,,,,,2,2,,,,VT,199691.,485141.,,,,,,,,B,1967,20070117,GOOD,VTGS,N,DD = SURVEY DISK,36 = SET IN A MASSIVE STRUCTURE,40 HBC 1967 578
,20260103,http://www.ngs.noaa.gov/cgi-bin/ds_mark.prl?PidBox=OD0016,OD0016,400,,,,VT,WINDSOR,HANOVER (2018),43 43 47.     (N),072 16 29.     (W),43.7297222222,-72.2747222222,,NAD 83,(1986),,SCALED,121.87,NAVD 88,,VERTCON3,-27.669,GEOID18,,,,,,,,,,,,,,,VT,136640.,518150.,,,,,,,,D,1906,20050120,MARK NOT FOUND,VTGS,,Z = SEE DESCRIPTION,0 = UNSPECIFIED SETTING,400
,20260103,http://www.ngs.noaa.gov/cgi-bin/ds_mark.prl?PidBox=AB9609,AB9609,405 86 25,,,,VT,CHITTENDEN,COLCHESTER (2018),44 31 39.00923(N),073 10 20.81020(W),44.5275025639,-73.1724472778,63.095,NAD 83,(2011),2010.00,ADJUSTED,92.039,NAVD 88,,ADJUSTED,-28.946,GEOID18,92.030,980519.7,1.17,1.20,0.54,0.39,0.61,0.00536700,,1,2,1318523.905,-4359583.993,4450111.719,VT,225473.051,446547.596,-0 28 17.6,0.99998952,18,4932088.484,645218.460,+1 16 54.5,0.99985934,C,1986,20161207,GOOD,VTGS,Y,DD = SURVEY DISK,17 = SET INTO TOP OF METAL PIPE DRIVEN INTO GROUND,405 86 25
,20260103,http://www.ngs.noaa.gov/cgi-bin/ds_mark.prl?PidBox=PG0170,PG0170,406,,,,VT,ORANGE,NEWBURY (2018),44 00 49.     (N),072 06 19.     (W),44.0136111111,-72.1052777778,,NAD 83,(1986),,SCALED,123.608,NAVD 88,,ADJUSTED,-27.588,GEOID18,123.588,980454.6,,,,,,,,1,2,,,,VT,168230.,531650.,,,,,,,,A,UNK,19910827,GOOD,VTAT,,DD = SURVEY DISK,66 = SET IN ROCK OUTCROP,406
,20260103,http://www.ngs.noaa.gov/cgi-bin/ds_mark.prl?PidBox=PG0278,PG0278,414,,,,VT,WASHINGTON,WATERBURY (2018),44 21 17.     (N),072 48 09.     (W),44.3547222222,-72.8025000000,,NAD 83,(1986),,SCALED,126.102,NAVD 88,,ADJUSTED,-27.667,GEOID18,126.089,980514.6,,,,,,,,2,0,,,,VT,206100.,475880.,,,,,,,,B,1919,19910404,POOR,VTANR,,DB = BENCH MARK DISK,36 = SET IN A MASSIVE STRUCTURE,414 1919
,20260103,http://www.ngs.noaa.gov/cgi-bin/ds_mark.prl?PidBox=PG0622,PG0622,416,,,,VT,FRANKLIN,SAINT ALBANS (2018),44 46 57.     (N),073 06 14.     (W),44.7825000000,-73.1038888889,,NAD 83,(1986),,SCALED,126.671,NAVD 88,,ADJUSTED,-28.792,GEOID18,126.663,980552.1,,,,,,,,2,0,,,,VT,253770.,452210.,,,,,,,,B,1914,2009,MARK NOT FOUND,VTGS,,DB = BENCH MARK DISK,36 = SET IN A MASSIVE STRUCTURE,416
,20260103,http://www.ngs.noaa.gov/cgi-bin/ds_mark.prl?PidBox=DP6163,DP6163,416,,,,VT,BENNINGTON,ARLINGTON (2018),43 04 33.67   (N),073 09 23.27   (W),43.0760194444,-73.1564638889,,NAD 83,(1986),,HD_HELD1,186.921,NAVD 88,,ADJUSTED,-29.200,GEOID18,186.870,980342.8,,,,,,,,2,2,,,,VT,64196.1,446539.2,,,,,,,,C,2001,20150304,GOOD,VTGS,Y,DD = SURVEY DISK,38 = SET IN THE ABUTMENT OR PIER OF A LARGE BRIDGE,416 2001
,20260103,http://www.ngs.noaa.gov/cgi-bin/ds_mark.prl?PidBox=OD0059,OD0059,420,,,,VT,WINDSOR,QUECHEE (2018),43 42 49.27694(N),072 24 58.74655(W),43.7136880389,-72.4163184861,100.584,NAD 83,(2011),2010.00,ADJUSTED,128.194,NAVD 88,,ADJUSTED,-27.595,GEOID18,128.172,980441.7,1.43,1.84,0.64,0.51,0.94,0.08661522,,2,0,1394966.618,-4401841.403,4385222.392,VT,134833.043,506743.726,+0 03 28.2,0.99994907,18,4843317.808,708141.164,+1 47 10.0,1.00013290,A,1905,20220513,GOOD,VTGS,N,DB = BENCH MARK DISK,66 = SET IN ROCK OUTCROP,420
,20260103,http://www.ngs.noaa.gov/cgi-bin/ds_mark.prl?PidBox=PG0332,PG0332,426,,,,VT,WASHINGTON,WATERBURY (2018),44 20 14.     (N),072 45 21.     (W),44.3372222222,-72.7558333333,,NAD 83,(1986),,SCALED,129.590,NAVD 88,,ADJUSTED,-27.665,GEOID18,129.576,980509.2,,,,,,,,2,1,,,,VT,204140.,479600.,,,,,,,,D,1919,20210902,GOOD,VTAT,N,DB = BENCH MARK DISK,31 = SET IN A PAVEMENT SUCH AS STREET SIDEWALK CURB ETC.,426 VT 1919
,20260103,http://www.ngs.noaa.gov/cgi-bin/ds_mark.prl?PidBox=OD0029,OD0029,441,,,,VT,ORANGE,PIERMONT (2018),43 56 06.8    (N),072 07 11.6    (W),43.9352222222,-72.1198888889,,NAD 83,(1986),,HD_HELD2,134.232,NAVD 88,,ADJUSTED,-27.558,GEOID18,134.210,980450.0,,,,,,,,1,2,,,,VT,159513.,530519.,,,,,,,,A,1906,20041115,GOOD,VTGS,N,DD = SURVEY DISK,66 = SET IN ROCK OUTCROP,441
,20260103,http://www.ngs.noaa.gov/cgi-bin/ds_mark.prl?PidBox=PG0865,PG0865,454,,,,VT,ADDISON,MIDDLEBURY (2018),44 07 23.0    (N),073 09 13.8    (W),44.1230555556,-73.1538333333,,NAD 83,(1986),,HD_HELD2,138.746,NAVD 88,,ADJUSTED,-28.627,GEOID18,138.727,980485.0,,,,,,,,2,0,,,,VT,180521.,447669.,,,,,,,,B,1903,19920114,GOOD,VTAT,,DB = BENCH MARK DISK,36 = SET IN A MASSIVE STRUCTURE,MONTPELIER 454
,20260103,http://www.ngs.noaa.gov/cgi-bin/ds_mark.prl?PidBox=PG0275,PG0275,458,,,,VT,WASHINGTON,MIDDLESEX (2018),44 18 33.4    (N),072 41 51.0    (W),44.3092777778,-72.6975000000,,NAD 83,(1986),,HD_HELD2,139.566,NAVD 88,,ADJUSTED,-27.641,GEOID18,139.549,980500.9,,,,,,,,2,0,,,,VT,201024.,484242.,,,,,,,,A,1919,20050603,GOOD,VTGS,N,DB = BENCH MARK DISK,66 = SET IN ROCK OUTCROP,458 FT VT 1919
,20260103,http://www.ngs.noaa.gov/cgi-bin/ds_mark.prl?PidBox=AH8859,AH8859,4V8 A,,,SACS,VT,WINDHAM,WEST DOVER (2018),42 55 51.08292(N),072 52 00.11354(W),42.9308563667,-72.8666982056,564.488,NAD 83,(2011),2010.00,ADJUSTED,592.40,NAVD 88,,GPS OBS,-27.875,GEOID18,,,0.49,0.88,0.22,0.17,0.45,0.08294221,,,,1378001.897,-4470019.012,4322265.327,VT,47926.159,470066.621,-0 14 59.2,0.99988678,18,4755344.428,674079.731,+1 27 12.2,0.99997281,C,1998,1998,MONUMENTED,WOOLPT,Y,DD = SURVEY DISK,7 = SET IN TOP OF CONCRETE MONUMENT,4V8 A 1998
,20260103,http://www.ngs.noaa.gov/cgi-bin/ds_mark.prl?PidBox=OD0438,OD0438,5,,,,VT,RUTLAND,POULTNEY (2018),43 36 13.     (N),073 13 54.     (W),43.6036111111,-73.2316666667,,NAD 83,(1986),,SCALED,123.276,NAVD 88,,ADJUSTED,-29.172,GEOID18,123.251,980418.3,,,,,,,,1,2,,,,VT,122860.,440930.,,,,,,,,D,UNK,1955,GOOD,CGS,,X = CHISELED CROSS,30 = SET IN A LIGHT STRUCTURE,
,20260103,http://www.ngs.noaa.gov/cgi-bin/ds_mark.prl?PidBox=AB4450,AB4450,5 AIM,,,,VT,ADDISON,MOUNT CARMEL (2018),43 50 24.23985(N),072 58 01.71325(W),43.8400666250,-72.9671425694,637.604,NAD 83,(2011),2010.00,ADJUSTED,665.3,NAVD 88,,GPS OBS,-27.749,GEOID18,,,0.71,1.04,0.33,0.23,0.53,0.00285117,,,,1349852.622,-4406130.141,4395733.147,VT,148976.873,462433.097,-0 19 24.8,0.99988167,18,4856118.127,663421.148,+1 24 30.1,0.99992849,C,1963,20060117,GOOD,VTGS,Y,DD = SURVEY DISK,80 = SET IN A BOULDER,2183 5 AIM 1963
,20260103,http://www.ngs.noaa.gov/cgi-bin/ds_mark.prl?PidBox=PG1367,PG1367,5 LLB,,,,VT,FRANKLIN,SHELDON SPRINGS (2018),44 55 36.     (N),072 59 18.     (W),44.9266666667,-72.9883333333,,NAD 83,(1986),,SCALED,67.534,NAVD 88,,ADJUSTED,-28.928,GEOID18,67.530,980559.9,,,,,,,,1,2,,,,VT,269730.,461450.,,,,,,,,B,1962,19921201,GOOD,VTAT,,DD = SURVEY DISK,36 = SET IN A MASSIVE STRUCTURE,222 5 LLB 1962
,20260103,http://www.ngs.noaa.gov/cgi-bin/ds_mark.prl?PidBox=OD0056,OD0056,501,,,,VT,WINDSOR,SHARON (2018),43 46 55.62   (N),072 27 20.85   (W),43.7821166667,-72.4557916667,,NAD 83,(1986),,HD_HELD1,152.672,NAVD 88,,ADJUSTED,-27.520,GEOID18,152.646,980445.9,,,,,,,,2,0,,,,VT,142433.2,503558.6,,,,,,,,B,1915,20000601,GOOD,VTGS,N,DB = BENCH MARK DISK,38 = SET IN THE ABUTMENT OR PIER OF A LARGE BRIDGE,501
,20260103,http://www.ngs.noaa.gov/cgi-bin/ds_mark.prl?PidBox=PG1410,PG1410,501 MONTPELIER,,,,VT,CHITTENDEN,ESSEX JUNCTION (2018),44 26 14.     (N),073 04 03.     (W),44.4372222222,-73.0675000000,,NAD 83,(1986),,SCALED,152.541,NAVD 88,,ADJUSTED,-28.600,GEOID18,152.522,980491.9,,,,,,,,2,2,,,,VT,215380.,454820.,,,,,,,,C,1904,19940712,GOOD,VTAT,N,DB = BENCH MARK DISK,34 = SET IN THE FOOTINGS OF SMALL/MEDIUM STRUCTURES,501 MONTPELIER
,20260103,http://www.ngs.noaa.gov/cgi-bin/ds_mark.prl?PidBox=OD0287,OD0287,504,,,,VT,WINDSOR,SOUTH ROYALTON (2018),43 49 02.0    (N),072 33 43.7    (W),43.8172222222,-72.5621388889,,NAD 83,(1986),,HD_HELD2,153.673,NAVD 88,,ADJUSTED,-27.475,GEOID18,153.646,980444.7,,,,,,,,2,0,,,,VT,146335.,495001.,,,,,,,,B,1915,20061228,GOOD,VTGS,N,DB = BENCH MARK DISK,38 = SET IN THE ABUTMENT OR PIER OF A LARGE BRIDGE,504
,20260103,http://www.ngs.noaa.gov/cgi-bin/ds_mark.prl?PidBox=PG0127,PG0127,512.6,,,,VT,CALEDONIA,BARNET (2018),44 22 08.     (N),072 02 00.     (W),44.3688888889,-72.0333333333,,NAD 83,(1986),,SCALED,156.13,NAVD 88,,VERTCON3,-27.563,GEOID18,,,,,,,,,,,,,,,VT,207730.,537200.,,,,,,,,B,1963,1963,MONUMENTED,CGS,,Q = CHISELED SQUARE,36 = SET IN A MASSIVE STRUCTURE,
,20260103,http://www.ngs.noaa.gov/cgi-bin/ds_mark.prl?PidBox=PG0126,PG0126,517.4,,,,VT,CALEDONIA,BARNET (2018),44 22 28.     (N),072 01 46.     (W),44.3744444444,-72.0294444444,,NAD 83,(1986),,SCALED,157.58,NAVD 88,,VERTCON3,-27.560,GEOID18,,,,,,,,,,,,,,,VT,208350.,537500.,,,,,,,,B,1963,1963,MONUMENTED,CGS,,Q = CHISELED SQUARE,36 = SET IN A MASSIVE STRUCTURE,
,20260103,http://www.ngs.noaa.gov/cgi-bin/ds_mark.prl?PidBox=AA8281,AA8281,56 HBC,,,,VT,LAMOILLE,STOWE (2018),44 27 35.     (N),072 41 40.     (W),44.4597222222,-72.6944444444,,NAD 83,(1986),,SCALED,204.209,NAVD 88,,ADJUSTED,-27.549,GEOID18,204.186,980505.1,,,,,,,,2,1,,,,VT,217740.,484530.,,,,,,,,B,1967,20060517,GOOD,VTGS,N,DD = SURVEY DISK,38 = SET IN THE ABUTMENT OR PIER OF A LARGE BRIDGE,56 HBC 1967 670
,20260103,http://www.ngs.noaa.gov/cgi-bin/ds_mark.prl?PidBox=AA8279,AA8279,57 HBC,,,,VT,LAMOILLE,STOWE (2018),44 26 50.16   (N),072 42 01.14   (W),44.4472666667,-72.7003166667,,NAD 83,(1986),,HD_HELD1,207.729,NAVD 88,,ADJUSTED,-27.548,GEOID18,207.706,980500.2,,,,,,,,2,1,,,,VT,216357.0,484055.1,,,,,,,,C,1967,19940425,GOOD,VTAT,Y,DD = SURVEY DISK,34 = SET IN THE FOOTINGS OF SMALL/MEDIUM STRUCTURES,57 HBC 1967 682
,20260103,http://www.ngs.noaa.gov/cgi-bin/ds_mark.prl?PidBox=PG0870,PG0870,570,,,,VT,ADDISON,BRISTOL (2018),44 07 59.1    (N),073 04 43.8    (W),44.1330833333,-73.0788333333,,NAD 83,(1986),,HD_HELD2,173.946,NAVD 88,,ADJUSTED,-28.303,GEOID18,173.921,980471.4,,,,,,,,2,0,,,,VT,181590.,453680.,,,,,,,,B,1903,20081205,GOOD,VTGS,N,DB = BENCH MARK DISK,34 = SET IN THE FOOTINGS OF SMALL/MEDIUM STRUCTURES,570 MONTPELIER
,20260103,http://www.ngs.noaa.gov/cgi-bin/ds_mark.prl?PidBox=OD0285,OD0285,573,,,,VT,WINDSOR,BETHEL (2018),43 49 51.     (N),072 38 00.     (W),43.8308333333,-72.6333333333,,NAD 83,(1986),,SCALED,174.299,NAVD 88,,ADJUSTED,-27.451,GEOID18,174.269,980445.0,,,,,,,,2,1,,,,VT,147850.,489280.,,,,,,,,D,1915,20010716,GOOD,VTGS,N,P = PIPE CAP,17 = SET INTO TOP OF METAL PIPE DRIVEN INTO GROUND,573
,20260103,http://www.ngs.noaa.gov/cgi-bin/ds_mark.prl?PidBox=AA8276,AA8276,58 HBC,,,,VT,LAMOILLE,STOWE (2018),44 25 32.     (N),072 43 09.     (W),44.4255555556,-72.7191666667,,NAD 83,(1986),,SCALED,238.457,NAVD 88,,ADJUSTED,-27.558,GEOID18,238.429,980497.3,,,,,,,,2,1,,,,VT,213950.,482550.,,,,,,,,A,1967,19940425,GOOD,VTAT,N,DD = SURVEY DISK,66 = SET IN ROCK OUTCROP,58 HBC 1967 783
,20260103,http://www.ngs.noaa.gov/cgi-bin/ds_mark.prl?PidBox=AA8275,AA8275,59 HBC,,,,VT,WASHINGTON,STOWE (2018),44 24 43.     (N),072 43 17.     (W),44.4119444444,-72.7213888889,,NAD 83,(1986),,SCALED,276.551,NAVD 88,,ADJUSTED,-27.566,GEOID18,276.519,980496.7,,,,,,,,2,1,,,,VT,212440.,482370.,,,,,,,,A,1967,20130627,GOOD,VTGS,N,DD = SURVEY DISK,66 = SET IN ROCK OUTCROP,59 HBC 1967 908
,20260103,http://www.ngs.noaa.gov/cgi-bin/ds_mark.prl?PidBox=AA8273,AA8273,60 HBC,,,,VT,WASHINGTON,STOWE (2018),44 23 54.05   (N),072 43 08.57   (W),44.3983472222,-72.7190472222,,NAD 83,(1986),,HD_HELD1,225.303,NAVD 88,,ADJUSTED,-27.579,GEOID18,225.277,980495.6,,,,,,,,2,1,,,,VT,210925.0,482549.7,,,,,,,,C,1967,19940425,GOOD,VTAT,Y,DD = SURVEY DISK,34 = SET IN THE FOOTINGS OF SMALL/MEDIUM STRUCTURES,60 HBC 1967 739
,20260103,http://www.ngs.noaa.gov/cgi-bin/ds_mark.prl?PidBox=AA8270,AA8270,62 HBC,,,,VT,WASHINGTON,MIDDLESEX (2018),44 22 05.     (N),072 43 38.     (W),44.3680555556,-72.7272222222,,NAD 83,(1986),,SCALED,203.232,NAVD 88,,ADJUSTED,-27.623,GEOID18,203.209,980502.0,,,,,,,,2,1,,,,VT,207560.,481890.,,,,,,,,A,1967,20130627,GOOD,VTGS,N,DD = SURVEY DISK,66 = SET IN ROCK OUTCROP,62 HBC 1967 667
,20260103,http://www.ngs.noaa.gov/cgi-bin/ds_mark.prl?PidBox=AA8268,AA8268,63 HBC,,,,VT,WASHINGTON,MIDDLESEX (2018),44 21 20.     (N),072 44 05.     (W),44.3555555556,-72.7347222222,,NAD 83,(1986),,SCALED,178.420,NAVD 88,,ADJUSTED,-27.640,GEOID18,178.401,980506.0,,,,,,,,2,1,,,,VT,206170.,481290.,,,,,,,,B,1967,20240805,GOOD,VTAT,N,DD = SURVEY DISK,38 = SET IN THE ABUTMENT OR PIER OF A LARGE BRIDGE,586 63 HBC 1967
,20260103,http://www.ngs.noaa.gov/cgi-bin/ds_mark.prl?PidBox=AA8265,AA8265,64 HBC,,,,VT,WASHINGTON,MIDDLESEX (2018),44 20 39.7    (N),072 44 49.7    (W),44.3443611111,-72.7471388889,,NAD 83,(1986),,HD_HELD2,154.879,NAVD 88,,ADJUSTED,-27.657,GEOID18,154.862,980509.7,,,,,,,,2,1,,,,VT,204933.,480294.,,,,,,,,B,1967,20130627,GOOD,VTGS,N,DD = SURVEY DISK,38 = SET IN THE ABUTMENT OR PIER OF A LARGE BRIDGE,64 HBC 1967 508
,20260103,http://www.ngs.noaa.gov/cgi-bin/ds_mark.prl?PidBox=AA8825,AA8825,668,,,,VT,WINDSOR,QUECHEE (2018),43 37 51.5    (N),072 28 09.3    (W),43.6309722222,-72.4692500000,,NAD 83,(1986),,HD_HELD2,203.951,NAVD 88,,ADJUSTED,-27.536,GEOID18,203.913,980424.6,,,,,,,,1,2,,,,VT,125640.,502481.,,,,,,,,B,1903,20060722,GOOD,INDIV,N,DD = SURVEY DISK,36 = SET IN A MASSIVE STRUCTURE,668 1903
,20260103,http://www.ngs.noaa.gov/cgi-bin/ds_mark.prl?PidBox=PG1548,PG1548,67,,,,VT,FRANKLIN,SAINT ALBANS (2018),44 46 55.     (N),073 06 15.     (W),44.7819444444,-73.1041666667,,NAD 83,(1986),,SCALED,133.491,NAVD 88,,ADJUSTED,-28.792,GEOID18,133.483,980552.2,,,,,,,,1,2,,,,VT,253710.,452190.,,,,,,,,B,UNK,20090729,MARK NOT FOUND,VTGS,,DB = BENCH MARK DISK,38 = SET IN THE ABUTMENT OR PIER OF A LARGE BRIDGE,67
,20260103,http://www.ngs.noaa.gov/cgi-bin/ds_mark.prl?PidBox=PG0386,PG0386,681,,,,VT,LAMOILLE,MORRISVILLE (2018),44 33 40.     (N),072 35 35.     (W),44.5611111111,-72.5930555556,,NAD 83,(1986),,SCALED,207.670,NAVD 88,,ADJUSTED,-27.586,GEOID18,207.649,980512.3,,,,,,,,2,0,,,,VT,228990.,492610.,,,,,,,,C,1919,20120614,MARK NOT FOUND,VTGS,,DB = BENCH MARK DISK,35 = SET IN A MAT FOUNDATION OR CONCRETE SLAB OTHER THAN PAVEMENT,681 1919
,20260103,http://www.ngs.noaa.gov/cgi-bin/ds_mark.prl?PidBox=PG2634,PG2634,681 RESET,,,,VT,LAMOILLE,MORRISVILLE (2018),44 33 42.64   (N),072 35 43.72   (W),44.5618444444,-72.5954777778,,NAD 83,(1986),,HD_HELD1,207.127,NAVD 88,,ADJUSTED,-27.586,GEOID18,207.106,980512.3,,,,,,,,2,1,,,,VT,229073.6,492415.0,,,,,,,,C,1984,20170710,GOOD,VTGS,Y,DV = VERTICAL CONTROL DISK,35 = SET IN A MAT FOUNDATION OR CONCRETE SLAB OTHER THAN PAVEMENT,681 USGS RESET 1984
,20260103,http://www.ngs.noaa.gov/cgi-bin/ds_mark.prl?PidBox=MZ0387,MZ0387,682,,,,VT,BENNINGTON,BENNINGTON (2018),42 52 40.73   (N),073 11 50.26   (W),42.8779805556,-73.1972944444,,NAD 83,(1986),,HD_HELD1,207.496,NAVD 88,,ADJUSTED,-29.656,GEOID18,207.431,980304.8,,,,,,,,2,0,,,,VT,42223.0,443031.5,,,,,,,,B,1896,19950410,MARK NOT FOUND,VTAT,,DB = BENCH MARK DISK,36 = SET IN A MASSIVE STRUCTURE,682
,20260103,http://www.ngs.noaa.gov/cgi-bin/ds_mark.prl?PidBox=PF0840,PF0840,69 HBC,,,,VT,ESSEX,MILES POND (2018),44 26 16.     (N),071 45 33.     (W),44.4377777778,-71.7591666667,,NAD 83,(1986),,SCALED,341.253,NAVD 88,,ADJUSTED,-27.301,GEOID18,341.202,980458.1,,,,,,,,1,2,,,,VT,215550.,558980.,,,,,,,,C,1965,19920201,GOOD,VTAT,,DD = SURVEY DISK,80 = SET IN A BOULDER,1120 69 HBC 1965
,20260103,http://www.ngs.noaa.gov/cgi-bin/ds_mark.prl?PidBox=OD1249,OD1249,69529,,,,VT,RUTLAND,RUTLAND (2018),43 31 16.22949(N),072 55 29.85955(W),43.5211748583,-72.9249609861,236.886,NAD 83,(2011),2010.00,ADJUSTED,264.712,NAVD 88,,ADJUSTED,-27.810,GEOID18,264.658,980406.8,0.56,1.12,0.26,0.18,0.57,0.12551092,,1,2,1360196.406,-4428250.967,4369831.095,VT,113529.008,465643.791,-0 17 33.5,0.99994166,18,4820784.640,667698.450,+1 25 45.3,0.99994593,A,1979,20171030,GOOD,VTGS,N,DD = SURVEY DISK,66 = SET IN ROCK OUTCROP,69529 1979
,20260103,http://www.ngs.noaa.gov/cgi-bin/ds_mark.prl?PidBox=AH4601,AH4601,69529 AZ MK,,,,VT,RUTLAND,RUTLAND (2018),43 31 22.16   (N),072 55 46.02   (W),43.5228222222,-72.9294500000,,NAD 83,(1986),,HD_HELD1,260.297,NAVD 88,,ADJUSTED,-27.839,GEOID18,260.244,980408.4,,,,,,,,1,2,,,,VT,113713.9,465281.8,,,,,,,,C,1995,20110419,GOOD,VTGS,Y,DD = SURVEY DISK,7 = SET IN TOP OF CONCRETE MONUMENT,69529 AZ MK 1995
,20260103,http://www.ngs.noaa.gov/cgi-bin/ds_mark.prl?PidBox=AH8870,AH8870,6B8 A,,,SACS,VT,CALEDONIA,LYNDONVILLE (2018),44 34 28.07516(N),072 00 58.20125(W),44.5744653222,-72.0161670139,334.170,NAD 83,(2011),2010.00,ADJUSTED,361.69,NAVD 88,,GPS OBS,-27.521,GEOID18,,,0.45,0.82,0.21,0.14,0.42,0.11899570,,,,1405159.010,-4328790.463,4454020.949,VT,230585.418,538428.651,+0 20 22.5,0.99993005,18,4940012.130,736907.619,+2 05 42.5,1.00029025,C,1998,1998,MONUMENTED,WOOLPT,Y,DD = SURVEY DISK,7 = SET IN TOP OF CONCRETE MONUMENT,6B8 A 1998
,20260103,http://www.ngs.noaa.gov/cgi-bin/ds_mark.prl?PidBox=AA8816,AA8816,705,,,,VT,WINDSOR,WOODSTOCK SOUTH (2018),43 37 26.8    (N),072 31 08.2    (W),43.6241111111,-72.5189444444,,NAD 83,(1986),,HD_HELD2,214.941,NAVD 88,,ADJUSTED,-27.473,GEOID18,214.899,980420.3,,,,,,,,1,2,,,,VT,124878.,498471.,,,,,,,,B,1910,20201111,GOOD,INDIV,N,DB = BENCH MARK DISK,36 = SET IN A MASSIVE STRUCTURE,705
,20260103,http://www.ngs.noaa.gov/cgi-bin/ds_mark.prl?PidBox=AB9645,AB9645,71 91,,,,VT,CHITTENDEN,BURLINGTON (2018),44 27 22.33849(N),073 12 30.91806(W),44.4562051361,-73.2085883500,26.095,NAD 83,(2011),2010.00,ADJUSTED,55.140,NAVD 88,,ADJUSTED,-29.033,GEOID18,55.134,980510.1,1.09,1.33,0.46,0.43,0.68,0.11703861,,1,2,1317370.080,-4365705.151,4444434.090,VT,217574.900,443606.095,-0 29 46.6,0.99999929,18,4924105.255,642520.238,+1 15 17.5,0.99984980,C,1991,19970102,GOOD,VTGS,Y,DD = SURVEY DISK,7 = SET IN TOP OF CONCRETE MONUMENT,71-91
,20260103,http://www.ngs.noaa.gov/cgi-bin/ds_mark.prl?PidBox=PF0843,PF0843,71 HBC,,,,VT,ESSEX,MILES POND (2018),44 27 52.     (N),071 46 29.     (W),44.4644444444,-71.7747222222,,NAD 83,(1986),,SCALED,358.826,NAVD 88,,ADJUSTED,-27.279,GEOID18,358.773,980458.0,,,,,,,,1,2,,,,VT,218500.,557710.,,,,,,,,C,1965,19930203,GOOD,VTAT,Y,DB = BENCH MARK DISK,80 = SET IN A BOULDER,1178 71 HBC 1965
,20260103,http://www.ngs.noaa.gov/cgi-bin/ds_mark.prl?PidBox=PG0324,PG0324,723,,,,VT,LAMOILLE,STOWE (2018),44 27 56.     (N),072 41 09.     (W),44.4655555556,-72.6858333333,,NAD 83,(1986),,SCALED,220.343,NAVD 88,,ADJUSTED,-27.552,GEOID18,220.319,980503.6,,,,,,,,2,0,,,,VT,218390.,485210.,,,,,,,,B,1919,19940426,MARK NOT FOUND,VTAT,,DB = BENCH MARK DISK,36 = SET IN A MASSIVE STRUCTURE,723 VT. 1919
,20260103,http://www.ngs.noaa.gov/cgi-bin/ds_mark.prl?PidBox=PF0847,PF0847,73 HBC,,,,VT,ESSEX,MILES POND (2018),44 27 02.86   (N),071 48 12.14   (W),44.4507944444,-71.8033722222,,NAD 83,(1986),,HD_HELD1,320.758,NAVD 88,,ADJUSTED,-27.304,GEOID18,320.711,980461.7,,,,,,,,1,2,,,,VT,216965.5,555447.1,,,,,,,,C,1965,20210615,MARK NOT FOUND,VTGS,Y,DD = SURVEY DISK,32 = SET IN A RETAINING WALL OR CONCRETE LEDGE,1053 73 HBC 1965
,20260103,http://www.ngs.noaa.gov/cgi-bin/ds_mark.prl?PidBox=PG0418,PG0418,740,,,,VT,LAMOILLE,MORRISVILLE (2018),44 31 50.18715(N),072 36 57.72665(W),44.5306075417,-72.6160351806,198.053,NAD 83,(2011),2010.00,ADJUSTED,225.649,NAVD 88,,ADJUSTED,-27.581,GEOID18,225.625,980505.8,0.72,1.35,0.34,0.22,0.69,0.07836254,,2,0,1360754.411,-4346435.046,4450452.339,VT,225604.654,490776.931,-0 04 52.9,0.99993428,18,4933573.405,689421.638,+1 40 20.4,1.00004126,A,1919,20120510,GOOD,VTGS,Y,DB = BENCH MARK DISK,66 = SET IN ROCK OUTCROP,740 VT 1919
,20260103,http://www.ngs.noaa.gov/cgi-bin/ds_mark.prl?PidBox=PF0851,PF0851,76 HBC USGS,,,,VT,ESSEX,MILES POND (2018),44 27 12.     (N),071 52 09.     (W),44.4533333333,-71.8691666667,,NAD 83,(1986),,SCALED,300.648,NAVD 88,,ADJUSTED,-27.348,GEOID18,300.606,980468.4,,,,,,,,1,2,,,,VT,217210.,550210.,,,,,,,,B,1965,20040225,MARK NOT FOUND,VTGS,Y,DD = SURVEY DISK,38 = SET IN THE ABUTMENT OR PIER OF A LARGE BRIDGE,76 HBC 1965
,20260103,http://www.ngs.noaa.gov/cgi-bin/ds_mark.prl?PidBox=PG0322,PG0322,785,,,,VT,LAMOILLE,STOWE (2018),44 29 27.     (N),072 38 16.     (W),44.4908333333,-72.6377777778,,NAD 83,(1986),,SCALED,239.412,NAVD 88,,ADJUSTED,-27.573,GEOID18,239.384,980496.0,,,,,,,,2,0,,,,VT,221190.,489040.,,,,,,,,C,1919,19940526,MARK NOT FOUND,VTAT,,DB = BENCH MARK DISK,7 = SET IN TOP OF CONCRETE MONUMENT,785 VT 1919
,20260103,http://www.ngs.noaa.gov/cgi-bin/ds_mark.prl?PidBox=OD0428,OD0428,8,,,,VT,RUTLAND,WEST RUTLAND (2018),43 36 44.     (N),073 05 51.     (W),43.6122222222,-73.0975000000,,NAD 83,(1986),,SCALED,144.70,NAVD 88,,VERTCON3,-28.636,GEOID18,,,,,,,,,,,,,,,VT,123730.,451770.,,,,,,,,B,UNK,1934,MARK NOT FOUND,CGS,,DB = BENCH MARK DISK,36 = SET IN A MASSIVE STRUCTURE,
,20260103,http://www.ngs.noaa.gov/cgi-bin/ds_mark.prl?PidBox=AI3427,AI3427,80 HBC,Y,,,VT,CALEDONIA,CONCORD (2018),44 28 36.49437(N),071 57 17.75148(W),44.4768039917,-71.9549309667,252.251,NAD 83,(2011),2010.00,ADJUSTED,279.71,NAVD 88,,GPS OBS,-27.439,GEOID18,,,1.52,1.69,0.71,0.48,0.86,-0.11047458,,,,1412124.017,-4334466.680,4446226.095,VT,219764.075,543364.749,+0 22 54.8,0.99994785,19,4929080.302,264994.475,-2 04 16.4,1.00027923,A,1965,19980310,GOOD,VTGS,Y,DB = BENCH MARK DISK,66 = SET IN ROCK OUTCROP,918 80HBC1965
,20260103,http://www.ngs.noaa.gov/cgi-bin/ds_mark.prl?PidBox=PG1570,PG1570,843 1740 101,,,,VT,CHITTENDEN,BURLINGTON (2018),44 28 32.     (N),073 12 54.     (W),44.4755555556,-73.2150000000,,NAD 83,(1986),,SCALED,52.950,NAVD 88,,ADJUSTED,-29.052,GEOID18,52.944,980513.9,,,,,,,,1,2,,,,VT,219730.,443120.,,,,,,,,A,1973,20040117,GOOD,GEOCAC,N,B = BOLT,40 = SET IN A LARGE STRUCTURE WITH DEEP FOUNDATIONS,BM
,20260103,http://www.ngs.noaa.gov/cgi-bin/ds_mark.prl?PidBox=PG1571,PG1571,843 1740 GATE,,,,VT,CHITTENDEN,BURLINGTON (2018),44 28 29.     (N),073 13 11.     (W),44.4747222222,-73.2197222222,,NAD 83,(1986),,SCALED,30.600,NAVD 88,,ADJUSTED,-29.062,GEOID18,30.597,980514.3,,,,,,,,1,2,,,,VT,219640.,442740.,,,,,,,,B,1961,19960307,MARK NOT FOUND,VTAT,,I = METAL ROD,46 = COPPER-CLAD STEEL ROD W/O SLEEVE (10 FT.+),
,20260103,http://www.ngs.noaa.gov/cgi-bin/ds_mark.prl?PidBox=PG1573,PG1573,843 1740 GREEN,,,,VT,CHITTENDEN,BURLINGTON (2018),44 28 32.     (N),073 13 11.     (W),44.4755555556,-73.2197222222,,NAD 83,(1986),,SCALED,33.495,NAVD 88,,ADJUSTED,-29.062,GEOID18,33.491,980514.5,,,,,,,,1,2,,,,VT,219730.,442740.,,,,,,,,A,1961,19950727,GOOD,NGS,N,DD = SURVEY DISK,40 = SET IN A LARGE STRUCTURE WITH DEEP FOUNDATIONS,GREEN CBF 1961 USLS
,20260103,http://www.ngs.noaa.gov/cgi-bin/ds_mark.prl?PidBox=PG1572,PG1572,843 1740 WOOD,,,,VT,CHITTENDEN,BURLINGTON (2018),44 28 28.     (N),073 13 12.     (W),44.4744444444,-73.2200000000,,NAD 83,(1986),,SCALED,31.884,NAVD 88,,ADJUSTED,-29.062,GEOID18,31.880,980514.3,,,,,,,,1,2,,,,VT,219610.,442720.,,,,,,,,D,1973,19950727,MARK NOT FOUND,NGS,,B = BOLT,30 = SET IN A LIGHT STRUCTURE,
,20260103,http://www.ngs.noaa.gov/cgi-bin/ds_mark.prl?PidBox=PF0711,PF0711,859.53,,,,VT,ESSEX,GROVETON (2018),44 31 33.2    (N),071 34 47.0    (W),44.5258888889,-71.5797222222,,NAD 83,(1986),,HD_HELD2,261.880,NAVD 88,,ADJUSTED,-27.141,GEOID18,261.846,980480.3,,,,,,,,2,0,,,,VT,225486.,573154.,,,,,,,,B,1931,1971,GOOD,NGS,,DB = BENCH MARK DISK,36 = SET IN A MASSIVE STRUCTURE,859.53 NEPA 1931
,20260103,http://www.ngs.noaa.gov/cgi-bin/ds_mark.prl?PidBox=MZ0390,MZ0390,873,,,,VT,BENNINGTON,BENNINGTON (2018),42 53 21.10   (N),073 12 56.45   (W),42.8891944444,-73.2156805556,,NAD 83,(1986),,HD_HELD1,265.884,NAVD 88,,ADJUSTED,-29.769,GEOID18,265.802,980306.6,,,,,,,,2,0,,,,VT,43481.3,441539.9,,,,,,,,A,1896,20170909,GOOD,VTGS,N,DB = BENCH MARK DISK,40 = SET IN A LARGE STRUCTURE WITH DEEP FOUNDATIONS,873
,20260103,http://www.ngs.noaa.gov/cgi-bin/ds_mark.prl?PidBox=PF0704,PF0704,879.23,,,,VT,ESSEX,STRATFORD (2018),44 40 35.     (N),071 35 35.     (W),44.6763888889,-71.5930555556,,NAD 83,(1986),,SCALED,267.933,NAVD 88,,ADJUSTED,-27.214,GEOID18,267.893,980462.3,,,,,,,,2,0,,,,VT,242200.,571910.,,,,,,,,B,1931,2003,MARK NOT FOUND,VTGS,,DD = SURVEY DISK,36 = SET IN A MASSIVE STRUCTURE,879.23 NEPA 1931
,20260103,http://www.ngs.noaa.gov/cgi-bin/ds_mark.prl?PidBox=AB9644,AB9644,88 13,,,,VT,CHITTENDEN,BURLINGTON (2018),44 28 34.14   (N),073 12 35.32   (W),44.4761500000,-73.2098111111,,NAD 83,(1986),,HD_HELD1,62.823,NAVD 88,,ADJUSTED,-29.040,GEOID18,62.817,980513.3,,,,,,,,1,2,,,,VT,219792.0,443528.0,,,,,,,,C,UNK,20040117,POOR,GEOCAC,Y,DD = SURVEY DISK,32 = SET IN A RETAINING WALL OR CONCRETE LEDGE,
,20260103,http://www.ngs.noaa.gov/cgi-bin/ds_mark.prl?PidBox=AB9642,AB9642,88 14,,,,VT,CHITTENDEN,BURLINGTON (2018),44 28 30.     (N),073 12 33.     (W),44.4750000000,-73.2091666667,,NAD 83,(1986),,SCALED,54.733,NAVD 88,,ADJUSTED,-29.038,GEOID18,54.728,980513.0,,,,,,,,1,2,,,,VT,219660.,443580.,,,,,,,,C,UNK,19950814,GOOD,NGS,N,DB = BENCH MARK DISK,7 = SET IN TOP OF CONCRETE MONUMENT,88-14
,20260103,http://www.ngs.noaa.gov/cgi-bin/ds_mark.prl?PidBox=AB9587,AB9587,88 6,,,,VT,CHITTENDEN,BURLINGTON (2018),44 29 54.     (N),073 14 04.     (W),44.4983333333,-73.2344444444,,NAD 83,(1986),,SCALED,62.761,NAVD 88,,ADJUSTED,-29.085,GEOID18,62.755,980519.7,,,,,,,,1,2,,,,VT,222270.,441590.,,,,,,,,B,1988,19960131,GOOD,VTAT,,DO = NOT SPECIFIED OR SEE DESCRIPTION,55 = UNSPECIFIED PIPE/ROD IN SLEEVE (10 FT.+),BM 88-6
,20260103,http://www.ngs.noaa.gov/cgi-bin/ds_mark.prl?PidBox=AB9590,AB9590,88 7,,,,VT,CHITTENDEN,COLCHESTER POINT (2018),44 30 49.92367(N),073 15 15.73115(W),44.5138676861,-73.2543697639,21.639,NAD 83,(2011),2010.00,ADJUSTED,50.746,NAVD 88,,ADJUSTED,-29.105,GEOID18,50.741,980528.4,1.22,1.25,0.53,0.46,0.64,-0.05878654,,1,2,1312586.730,-4362453.801,4449002.354,VT,224014.824,440021.636,-0 31 44.0,1.00000512,18,4930431.549,638741.176,+1 13 26.5,0.99983672,B,1991,19970102,GOOD,VTGS,Y,DO = NOT SPECIFIED OR SEE DESCRIPTION,55 = UNSPECIFIED PIPE/ROD IN SLEEVE (10 FT.+),BM 88-7
,20260103,http://www.ngs.noaa.gov/cgi-bin/ds_mark.prl?PidBox=AB9589,AB9589,88 8,,,,VT,CHITTENDEN,COLCHESTER (2018),44 30 30.37586(N),073 14 48.39040(W),44.5084377389,-73.2467751111,22.566,NAD 83,(2011),2010.00,ADJUSTED,51.667,NAVD 88,,ADJUSTED,-29.098,GEOID18,51.662,980526.7,1.43,1.47,0.63,0.53,0.75,0.03603129,,1,2,1313287.091,-4362685.461,4448572.718,VT,223405.911,440619.958,-0 31 24.7,1.00000409,18,4929841.322,639357.739,+1 13 45.2,0.99983883,C,1991,19970102,GOOD,VTGS,Y,DO = NOT SPECIFIED OR SEE DESCRIPTION,55 = UNSPECIFIED PIPE/ROD IN SLEEVE (10 FT.+),BM 88-8
,20260103,http://www.ngs.noaa.gov/cgi-bin/ds_mark.prl?PidBox=PF0708,PF0708,880.0,,,,VT,ESSEX,GROVETON (2018),44 33 57.     (N),071 35 34.     (W),44.5658333333,-71.5927777778,,NAD 83,(1986),,SCALED,268.256,NAVD 88,,ADJUSTED,-27.153,GEOID18,268.220,980474.6,,,,,,,,2,0,,,,VT,229910.,572070.,,,,,,,,,UNK,20051212,MARK NOT FOUND,VTGS,,Q = CHISELED SQUARE,,
,20260103,http://www.ngs.noaa.gov/cgi-bin/ds_mark.prl?PidBox=PF0709,PF0709,880.7,,,,VT,ESSEX,GROVETON (2018),44 33 29.     (N),071 36 02.     (W),44.5580555556,-71.6005555556,,NAD 83,(1986),,SCALED,268.380,NAVD 88,,ADJUSTED,-27.151,GEOID18,268.343,980472.5,,,,,,,,2,0,,,,VT,229040.,571460.,,,,,,,,C,UNK,2003,MARK NOT FOUND,VTGS,,Q = CHISELED SQUARE,32 = SET IN A RETAINING WALL OR CONCRETE LEDGE,
,20260103,http://www.ngs.noaa.gov/cgi-bin/ds_mark.prl?PidBox=PG0312,PG0312,893,,,,VT,WASHINGTON,WARREN (2018),44 06 53.     (N),072 51 17.     (W),44.1147222222,-72.8547222222,,NAD 83,(1986),,SCALED,271.982,NAVD 88,,ADJUSTED,-27.476,GEOID18,271.938,980451.2,,,,,,,,2,0,,,,VT,179450.,471610.,,,,,,,,A,1916,19951004,GOOD,VTAT,,DB = BENCH MARK DISK,66 = SET IN ROCK OUTCROP,893
,20260103,http://www.ngs.noaa.gov/cgi-bin/ds_mark.prl?PidBox=AA8798,AA8798,9 WHC,,,,VT,WINDSOR,PLYMOUTH (2018),43 35 11.     (N),072 39 20.     (W),43.5863888889,-72.6555555556,,NAD 83,(1986),,SCALED,260.292,NAVD 88,,ADJUSTED,-27.292,GEOID18,260.241,980416.7,,,,,,,,1,2,,,,VT,120700.,487440.,,,,,,,,B,1963,20110930,MARK NOT FOUND,VTGS,N,DB = BENCH MARK DISK,38 = SET IN THE ABUTMENT OR PIER OF A LARGE BRIDGE,9 WHC 1963
,20260103,http://www.ngs.noaa.gov/cgi-bin/ds_mark.prl?PidBox=AA8759,AA8759,93J022 1,,,,VT,RUTLAND,CHITTENDEN (2018),43 39 18.85041(N),072 53 14.96405(W),43.6552362250,-72.8874900139,442.960,NAD 83,(2011),2010.00,ADJUSTED,470.454,NAVD 88,,ADJUSTED,-27.522,GEOID18,470.358,980399.1,1.69,3.12,0.78,0.56,1.59,-0.07667913,,1,2,1360114.121,-4417687.727,4380762.246,VT,128408.485,468742.606,-0 16 03.0,0.99990685,18,4835750.219,670348.140,+1 27 31.1,0.99995694,C,1994,20170131,GOOD,VTGS,N,DD = SURVEY DISK,7 = SET IN TOP OF CONCRETE MONUMENT,93J022-1 1994
,20260103,http://www.ngs.noaa.gov/cgi-bin/ds_mark.prl?PidBox=AA8758,AA8758,93J022 2,,,,VT,RUTLAND,CHITTENDEN (2018),43 39 06.38946(N),072 53 36.52106(W),43.6517748500,-72.8934780722,416.672,NAD 83,(2011),2010.00,ADJUSTED,444.230,NAVD 88,,ADJUSTED,-27.556,GEOID18,444.139,980399.7,1.56,2.41,0.72,0.52,1.23,0.01096861,,1,2,1359724.914,-4418065.417,4380465.828,VT,128026.193,468257.748,-0 16 17.8,0.99991134,18,4835353.504,669875.027,+1 27 15.9,0.99995496,C,1994,20180717,GOOD,VTGS,Y,DD = SURVEY DISK,7 = SET IN TOP OF CONCRETE MONUMENT,93J022-2 1994
,20260103,http://www.ngs.noaa.gov/cgi-bin/ds_mark.prl?PidBox=PG0302,PG0302,971,,,,VT,ADDISON,LINCOLN (2018),44 06 20.     (N),072 59 48.     (W),44.1055555556,-72.9966666667,,NAD 83,(1986),,SCALED,295.955,NAVD 88,,ADJUSTED,-27.827,GEOID18,295.908,980451.2,,,,,,,,2,0,,,,VT,178490.,460240.,,,,,,,,B,1903,19911001,MARK NOT FOUND,VTAT,,DB = BENCH MARK DISK,36 = SET IN A MASSIVE STRUCTURE,971
,20260103,http://www.ngs.noaa.gov/cgi-bin/ds_mark.prl?PidBox=DP6160,DP6160,98 C 302,,,,VT,BENNINGTON,ARLINGTON (2018),43 05 53.     (N),073 08 27.     (W),43.0980555556,-73.1408333333,,NAD 83,(1986),,SCALED,194.802,NAVD 88,,ADJUSTED,-29.075,GEOID18,194.748,980340.0,,,,,,,,2,2,,,,VT,66630.,447830.,,,,,,,,B,1998,20010618,GOOD,VTGS,N,DD = SURVEY DISK,38 = SET IN THE ABUTMENT OR PIER OF A LARGE BRIDGE,98 C 302 1998
,20260103,http://www.ngs.noaa.gov/cgi-bin/ds_mark.prl?PidBox=PG0524,PG0524,999 982,,,,VT,FRANKLIN,EAST ALBURG (2018),44 54 08.4    (N),073 08 16.8    (W),44.9023333333,-73.1380000000,,NAD 83,(1986),,HD_HELD2,45.027,NAVD 88,,ADJUSTED,-29.166,GEOID18,45.025,980571.7,,,,,,,,2,0,,,,VT,267103.,449612.,,,,,,,,A,UNK,20091210,GOOD,VTGS,N,DD = SURVEY DISK,40 = SET IN A LARGE STRUCTURE WITH DEEP FOUNDATIONS,999 11.796 ELEV. 999.982
,20260103,http://www.ngs.noaa.gov/cgi-bin/ds_mark.prl?PidBox=PG0502,PG0502,9999 77,,,,VT,GRAND ISLE,ROUSES POINT (2019),44 59 15.     (N),073 17 25.     (W),44.9875000000,-73.2902777778,,NAD 83,(1986),,SCALED,40.333,NAVD 88,,ADJUSTED,-29.426,GEOID18,40.332,980592.4,,,,,,,,1,2,,,,VT,276670.,437680.,,,,,,,,D,UNK,1981,MARK NOT FOUND,VTAT,,DB = BENCH MARK DISK,30 = SET IN A LIGHT STRUCTURE,9999 77
,20260103,http://www.ngs.noaa.gov/cgi-bin/ds_mark.prl?PidBox=PF0653,PF0653,A 11,,,,VT,ESSEX,BLOOMFIELD (2018),44 45 55.     (N),071 39 06.     (W),44.7652777778,-71.6516666667,,NAD 83,(1986),,SCALED,296.953,NAVD 88,,ADJUSTED,-27.314,GEOID18,296.909,980463.1,,,,,,,,2,0,,,,VT,252030.,567160.,,,,,,,,C,1935,19930101,GOOD,VTAT,,DB = BENCH MARK DISK,80 = SET IN A BOULDER,A 11 1935
,20260103,http://www.ngs.noaa.gov/cgi-bin/ds_mark.prl?PidBox=OD0546,OD0546,A 12,,,,VT,ADDISON,TICONDEROGA (2019),43 51 20.83   (N),073 22 34.57   (W),43.8557861111,-73.3762694444,,NAD 83,(1986),,HD_HELD1,31.653,NAVD 88,,ADJUSTED,-29.146,GEOID18,31.648,980458.1,,,,,,,,2,0,,,,VT,150990.6,429550.2,,,,,,,,C,1935,19910401,MARK NOT FOUND,NGS,,DB = BENCH MARK DISK,7 = SET IN TOP OF CONCRETE MONUMENT,A 12 1935
,20260103,http://www.ngs.noaa.gov/cgi-bin/ds_mark.prl?PidBox=MZ0326,MZ0326,A 14,,,,VT,WINDHAM,BRATTLEBORO (2018),42 51 00.09   (N),072 35 08.16   (W),42.8500250000,-72.5856000000,,NAD 83,(1986),,HD_HELD1,127.763,NAVD 88,,ADJUSTED,-27.993,GEOID18,127.732,980383.0,,,,,,,,1,2,,,,VT,38885.2,493003.4,,,,,,,,C,1935,20111114,MARK NOT FOUND,VTGS,Y,DB = BENCH MARK DISK,7 = SET IN TOP OF CONCRETE MONUMENT,A 14 1935
,20260103,http://www.ngs.noaa.gov/cgi-bin/ds_mark.prl?PidBox=MZ0398,MZ0398,A 15,,,,VT,BENNINGTON,BENNINGTON (2018),42 55 41.     (N),073 13 26.     (W),42.9280555556,-73.2238888889,,NAD 83,(1986),,SCALED,204.866,NAVD 88,,ADJUSTED,-29.790,GEOID18,204.805,980318.9,,,,,,,,2,0,,,,VT,47800.,440910.,,,,,,,,C,1935,1963,MARK NOT FOUND,CGS,,DB = BENCH MARK DISK,7 = SET IN TOP OF CONCRETE MONUMENT,A 15 1935
,20260103,http://www.ngs.noaa.gov/cgi-bin/ds_mark.prl?PidBox=OD0236,OD0236,A 16,,,,VT,RUTLAND,DANBY (2018),43 22 05.13   (N),072 59 37.31   (W),43.3680916667,-72.9936972222,,NAD 83,(1986),,HD_HELD1,196.748,NAVD 88,,ADJUSTED,-28.032,GEOID18,196.705,980398.8,,,,,,,,2,1,,,,VT,96552.5,459986.0,,,,,,,,B,1935,19990921,GOOD,VTGS,Y,DB = BENCH MARK DISK,38 = SET IN THE ABUTMENT OR PIER OF A LARGE BRIDGE,A 16 1935
,20260103,http://www.ngs.noaa.gov/cgi-bin/ds_mark.prl?PidBox=OD0514,OD0514,A 17,,,,VT,ADDISON,SUDBURY (2018),43 51 17.     (N),073 08 56.     (W),43.8547222222,-73.1488888889,,NAD 83,(1986),,SCALED,107.669,NAVD 88,,ADJUSTED,-28.749,GEOID18,107.651,980449.4,,,,,,,,2,0,,,,VT,150700.,447830.,,,,,,,,B,1934,20030513,GOOD,VTGS,N,DD = SURVEY DISK,37 = SET IN A MASSIVE RETAINING WALL,A 17 1935
,20260103,http://www.ngs.noaa.gov/cgi-bin/ds_mark.prl?PidBox=PG0498,PG0498,A 1=124,,,,VT,GRAND ISLE,ROUSES POINT (2019),44 58 35.     (N),073 17 53.     (W),44.9763888889,-73.2980555556,,NAD 83,(1986),,SCALED,37.567,NAVD 88,,ADJUSTED,-29.396,GEOID18,37.566,980592.8,,,,,,,,1,2,,,,VT,275450.,437050.,,,,,,,,C,1914,19930620,GOOD,VTAT,Y,DB = BENCH MARK DISK,80 = SET IN A BOULDER,123.809 FEET
,20260103,http://www.ngs.noaa.gov/cgi-bin/ds_mark.prl?PidBox=PG0350,PG0350,A 2 = P 12,,,,VT,FRANKLIN,RICHFORD (2018),44 56 04.     (N),072 42 44.     (W),44.9344444444,-72.7122222222,,NAD 83,(1986),,SCALED,134.043,NAVD 88,,ADJUSTED,-28.015,GEOID18,134.037,980573.1,,,,,,,,1,2,,,,VT,270500.,483250.,,,,,,,,D,1922,19920114,GOOD,NGS,N,DD = SURVEY DISK,30 = SET IN A LIGHT STRUCTURE,440.239 P 12 1922 VT.
,20260103,http://www.ngs.noaa.gov/cgi-bin/ds_mark.prl?PidBox=PG0390,PG0390,A 20,,,,VT,CHITTENDEN,UNDERHILL (2018),44 30 07.     (N),072 59 43.     (W),44.5019444444,-72.9952777778,,NAD 83,(1986),,SCALED,167.602,NAVD 88,,ADJUSTED,-28.285,GEOID18,167.585,980517.5,,,,,,,,2,0,,,,VT,222530.,460610.,,,,,,,,C,1935,19950106,MARK NOT FOUND,VTAT,,DB = BENCH MARK DISK,7 = SET IN TOP OF CONCRETE MONUMENT,A 20 1935
,20260103,http://www.ngs.noaa.gov/cgi-bin/ds_mark.prl?PidBox=PG0270,PG0270,A 24,,,,VT,WASHINGTON,MONTPELIER (2018),44 15 29.     (N),072 36 29.     (W),44.2580555556,-72.6080555556,,NAD 83,(1986),,SCALED,159.189,NAVD 88,,ADJUSTED,-27.650,GEOID18,159.167,980481.1,,,,,,,,2,1,,,,VT,195320.,491370.,,,,,,,,B,1935,20020318,GOOD,VTGS,N,DB = BENCH MARK DISK,38 = SET IN THE ABUTMENT OR PIER OF A LARGE BRIDGE,A 24 1935
,20260103,http://www.ngs.noaa.gov/cgi-bin/ds_mark.prl?PidBox=PG0011,PG0011,A 3,,,,VT,ORLEANS,ORLEANS (2018),44 45 03.9    (N),072 10 42.3    (W),44.7510833333,-72.1784166667,,NAD 83,(1986),,HD_HELD2,283.764,NAVD 88,,ADJUSTED,-27.627,GEOID18,283.730,980490.5,,,,,,,,1,2,,,,VT,250148.,525464.,,,,,,,,B,1922,20110506,GOOD,VTGS,N,DB = BENCH MARK DISK,36 = SET IN A MASSIVE STRUCTURE,ELEV. 931.274 FT. A 3 1922
,20260103,http://www.ngs.noaa.gov/cgi-bin/ds_mark.prl?PidBox=OD0683,OD0683,A 32,,,,VT,BENNINGTON,PAWLET (2018),43 15 51.     (N),073 12 46.     (W),43.2641666667,-73.2127777778,,NAD 83,(1986),,SCALED,282.081,NAVD 88,,ADJUSTED,-29.211,GEOID18,282.006,980347.4,,,,,,,,2,0,,,,VT,85140.,442130.,,,,,,,,A,1942,19920226,MARK NOT FOUND,VTAT,,DB = BENCH MARK DISK,66 = SET IN ROCK OUTCROP,A 32 1942
,20260103,http://www.ngs.noaa.gov/cgi-bin/ds_mark.prl?PidBox=OD0222,OD0222,A 33,,,,VT,WINDHAM,LONDONDERRY (2018),43 12 32.     (N),072 46 30.     (W),43.2088888889,-72.7750000000,,NAD 83,(1986),,SCALED,376.108,NAVD 88,,ADJUSTED,-27.387,GEOID18,376.021,980378.3,,,,,,,,2,0,,,,VT,78780.,477650.,,,,,,,,B,1942,19920101,MARK NOT FOUND,VTAT,,DB = BENCH MARK DISK,36 = SET IN A MASSIVE STRUCTURE,A 33 1942
,20260103,http://www.ngs.noaa.gov/cgi-bin/ds_mark.prl?PidBox=PG0317,PG0317,A 34,,,,VT,WASHINGTON,WARREN (2018),44 06 45.     (N),072 47 00.     (W),44.1125000000,-72.7833333333,,NAD 83,(1986),,SCALED,662.439,NAVD 88,,ADJUSTED,-27.402,GEOID18,662.301,980387.9,,,,,,,,2,0,,,,VT,179180.,477320.,,,,,,,,A,1942,20210819,GOOD,VTAT,N,DB = BENCH MARK DISK,66 = SET IN ROCK OUTCROP,A 34 1942
,20260103,http://www.ngs.noaa.gov/cgi-bin/ds_mark.prl?PidBox=PG0189,PG0189,A 35,,,,VT,WASHINGTON,MARSHFIELD (2018),44 21 44.     (N),072 20 12.     (W),44.3622222222,-72.3366666667,,NAD 83,(1986),,SCALED,273.390,NAVD 88,,ADJUSTED,-27.607,GEOID18,273.348,980456.1,,,,,,,,2,0,,,,VT,206900.,513020.,,,,,,,,C,1942,20050907,MARK NOT FOUND,VTGS,,DB = BENCH MARK DISK,80 = SET IN A BOULDER,A 35 1942
,20260103,http://www.ngs.noaa.gov/cgi-bin/ds_mark.prl?PidBox=OD0255,OD0255,A 36,,,,VT,RUTLAND,RUTLAND (2018),43 33 58.     (N),072 57 27.     (W),43.5661111111,-72.9575000000,,NAD 83,(1986),,SCALED,209.280,NAVD 88,,ADJUSTED,-28.023,GEOID18,209.240,980421.4,,,,,,,,1,2,,,,VT,118540.,463040.,,,,,,,,A,1942,19920301,GOOD,VTAT,,DB = BENCH MARK DISK,66 = SET IN ROCK OUTCROP,A 36 1942
,20260103,http://www.ngs.noaa.gov/cgi-bin/ds_mark.prl?PidBox=PF0683,PF0683,A 37,,,,VT,ESSEX,ISLAND POND (2018),44 48 26.     (N),071 53 16.     (W),44.8072222222,-71.8877777778,,NAD 83,(1986),,SCALED,382.112,NAVD 88,,ADJUSTED,-27.461,GEOID18,382.060,980472.0,,,,,,,,2,0,,,,VT,256520.,548430.,,,,,,,,C,1942,1963,GOOD,CGS,,DB = BENCH MARK DISK,80 = SET IN A BOULDER,A 37 1942
,20260103,http://www.ngs.noaa.gov/cgi-bin/ds_mark.prl?PidBox=PG0077,PG0077,A 38,,,,VT,ORLEANS,NEWPORT (2018),44 56 34.     (N),072 11 14.     (W),44.9427777778,-72.1872222222,,NAD 83,(1986),,SCALED,250.049,NAVD 88,,ADJUSTED,-27.767,GEOID18,250.026,980520.1,,,,,,,,2,0,,,,VT,271450.,524690.,,,,,,,,A,1942,19920301,MARK NOT FOUND,VTAT,,DB = BENCH MARK DISK,66 = SET IN ROCK OUTCROP,A 38 1942
,20260103,http://www.ngs.noaa.gov/cgi-bin/ds_mark.prl?PidBox=PF0520,PF0520,A 4,,,,VT,ESSEX,GILMAN (2018),44 24 40.2    (N),071 43 04.0    (W),44.4111666667,-71.7177777778,,NAD 83,(1986),,HD_HELD2,255.196,NAVD 88,,ADJUSTED,-27.305,GEOID18,255.156,980457.6,,,,,,,,1,2,,,,VT,212624.,562302.,,,,,,,,B,1922,20040209,GOOD,VTGS,N,DB = BENCH MARK DISK,36 = SET IN A MASSIVE STRUCTURE,ELEV 837.623 FT A 4 1922
,20260103,http://www.ngs.noaa.gov/cgi-bin/ds_mark.prl?PidBox=PG1513,PG1513,A 4 1,,,,VT,WASHINGTON,WATERBURY (2018),44 21 35.     (N),072 49 00.     (W),44.3597222222,-72.8166666667,,NAD 83,(1986),,SCALED,142.147,NAVD 88,,ADJUSTED,-27.672,GEOID18,142.133,980514.0,,,,,,,,2,2,,,,VT,206660.,474760.,,,,,,,,C,1937,20130627,GOOD,VTGS,N,DD = SURVEY DISK,80 = SET IN A BOULDER,A-4-1 1937
,20260103,http://www.ngs.noaa.gov/cgi-bin/ds_mark.prl?PidBox=PG1658,PG1658,A 4 3,,,,VT,WASHINGTON,MIDDLESEX (2018),44 19 02.67503(N),072 39 00.81836(W),44.3174097306,-72.6502273222,,NAD 83,(1996),,ADJUSTED,334.6,NAVD 88,,VERTCON3,-27.608,GEOID18,,,,,,,,,3,,,,,,VT,201919.275,488015.688,-0 06 17.8,0.99991791,18,4909813.050,687385.017,+1 38 31.6,1.00003185,A,1937,1969,GOOD,CGS,,DD = SURVEY DISK,66 = SET IN ROCK OUTCROP,A-4-3 1937
,20260103,http://www.ngs.noaa.gov/cgi-bin/ds_mark.prl?PidBox=AB4449,AB4449,A 4 9,,,,VT,WASHINGTON,WARREN (2018),44 06 55.01385(N),072 51 21.80579(W),44.1152816250,-72.8560571639,245.109,NAD 83,(2011),2010.00,ADJUSTED,272.57,NAVD 88,,LEVELING,-27.477,GEOID18,,,0.81,1.20,0.38,0.26,0.61,0.07100139,,3,,1352049.862,-4382943.129,4417467.536,VT,179510.987,471498.376,-0 14 52.3,0.99993584,18,4886911.887,671556.839,+1 29 34.0,0.99996199,A,1937,20100609,GOOD,VTGS,N,DD = SURVEY DISK,66 = SET IN ROCK OUTCROP,A-4-9 1937
,20260103,http://www.ngs.noaa.gov/cgi-bin/ds_mark.prl?PidBox=PG2637,PG2637,A 40 RESET,,,,VT,WASHINGTON,BARRE WEST (2018),44 13 37.     (N),072 33 27.     (W),44.2269444444,-72.5575000000,,NAD 83,(1986),,SCALED,228.04,NAVD 88,,RESET,-27.642,GEOID18,,,,,,,,,,3,,,,,VT,191860.,495410.,,,,,,,,A,1973,1973,MONUMENTED,VTAT,,DD = SURVEY DISK,66 = SET IN ROCK OUTCROP,A 40 RESET 1973
,20260103,http://www.ngs.noaa.gov/cgi-bin/ds_mark.prl?PidBox=PG0503,PG0503,A 44,,,,VT,GRAND ISLE,ROUSES POINT (2019),44 59 14.     (N),073 17 43.     (W),44.9872222222,-73.2952777778,,NAD 83,(1986),,SCALED,43.566,NAVD 88,,ADJUSTED,-29.424,GEOID18,43.565,980592.9,,,,,,,,1,2,,,,VT,276650.,437280.,,,,,,,,C,1961,1981,MARK NOT FOUND,VTAT,,DB = BENCH MARK DISK,80 = SET IN A BOULDER,A 44 1961
,20260103,http://www.ngs.noaa.gov/cgi-bin/ds_mark.prl?PidBox=PF0837,PF0837,A 47,,,,VT,ESSEX,GILMAN (2018),44 25 23.     (N),071 41 29.     (W),44.4230555556,-71.6913888889,,NAD 83,(1986),,SCALED,267.684,NAVD 88,,ADJUSTED,-27.281,GEOID18,267.640,980450.3,,,,,,,,1,2,,,,VT,213970.,564390.,,,,,,,,B,1978,19890723,GOOD,USPSQD,,DV = VERTICAL CONTROL DISK,49 = STAINLESS STEEL ROD W/O SLEEVE (10 FT.+),A 47 1978
,20260103,http://www.ngs.noaa.gov/cgi-bin/ds_mark.prl?PidBox=PG1343,PG1343,A 48,,,,VT,GRAND ISLE,ROUSES POINT (2019),44 59 57.     (N),073 20 43.     (W),44.9991666667,-73.3452777778,,NAD 83,(1986),,SCALED,33.045,NAVD 88,,ADJUSTED,-29.442,GEOID18,33.044,980597.6,,,,,,,,1,2,,,,VT,278010.,433350.,,,,,,,,B,1978,19940824,MARK NOT FOUND,NGS,,DV = VERTICAL CONTROL DISK,36 = SET IN A MASSIVE STRUCTURE,A 48 1978
,20260103,http://www.ngs.noaa.gov/cgi-bin/ds_mark.prl?PidBox=PG1369,PG1369,A 49,,,,VT,FRANKLIN,SHELDON SPRINGS (2018),44 55 11.     (N),072 57 42.     (W),44.9197222222,-72.9616666667,,NAD 83,(1986),,SCALED,126.762,NAVD 88,,ADJUSTED,-28.818,GEOID18,126.755,980560.4,,,,,,,,1,2,,,,VT,268940.,463550.,,,,,,,,A,1978,20080723,GOOD,VTGS,N,DV = VERTICAL CONTROL DISK,66 = SET IN ROCK OUTCROP,A 49 1978
,20260103,http://www.ngs.noaa.gov/cgi-bin/ds_mark.prl?PidBox=OD0160,OD0160,A 5,,,,VT,WINDSOR,CHESTER (2018),43 18 36.     (N),072 36 26.     (W),43.3100000000,-72.6072222222,,NAD 83,(1986),,SCALED,208.032,NAVD 88,,POSTED,-27.523,GEOID18,207.99,980398.7,,,,,,,,,,,,,VT,89990.,491300.,,,,,,,,A,1927,19980423,GOOD,VTGS,N,DB = BENCH MARK DISK,66 = SET IN ROCK OUTCROP,A 5 1927 682.843
,20260103,http://www.ngs.noaa.gov/cgi-bin/ds_mark.prl?PidBox=PG1337,PG1337,A 50,,,,VT,ORLEANS,NORTH TROY (2018),44 59 41.     (N),072 24 00.     (W),44.9947222222,-72.4000000000,,NAD 83,(1986),,SCALED,171.680,NAVD 88,,ADJUSTED,-27.688,GEOID18,171.671,980558.9,,,,,,,,1,2,,,,VT,277180.,507890.,,,,,,,,B,1978,19930201,GOOD,VTAT,,DV = VERTICAL CONTROL DISK,36 = SET IN A MASSIVE STRUCTURE,A 50 1978
,20260103,http://www.ngs.noaa.gov/cgi-bin/ds_mark.prl?PidBox=MZ1194,MZ1194,A 51,,,,VT,WINDHAM,BERNARDSTON (2018),42 44 29.     (N),072 34 19.     (W),42.7413888889,-72.5719444444,,NAD 83,(1986),,SCALED,154.761,NAVD 88,,ADJUSTED,-28.058,GEOID18,154.723,980372.3,,,,,,,,1,2,,,,VT,26820.,494110.,,,,,,,,A,1978,1978,MONUMENTED,NGS,,DV = VERTICAL CONTROL DISK,66 = SET IN ROCK OUTCROP,A 51 1978
,20260103,http://www.ngs.noaa.gov/cgi-bin/ds_mark.prl?PidBox=MZ1220,MZ1220,A 52,,,,VT,WINDHAM,PUTNEY (2018),42 59 05.4    (N),072 30 35.2    (W),42.9848333333,-72.5097777778,,NAD 83,(1986),,HD_HELD2,199.375,NAVD 88,,ADJUSTED,-27.904,GEOID18,199.328,980379.9,,,,,,,,1,2,,,,VT,53857.,499203.,,,,,,,,B,1978,20130809,GOOD,VTGS,N,DV = VERTICAL CONTROL DISK,49 = STAINLESS STEEL ROD W/O SLEEVE (10 FT.+),A 52 1978
,20260103,http://www.ngs.noaa.gov/cgi-bin/ds_mark.prl?PidBox=OD1143,OD1143,A 53,,,,VT,WINDSOR,BELLOWS FALLS (2018),43 14 22.     (N),072 26 18.     (W),43.2394444444,-72.4383333333,,NAD 83,(1986),,SCALED,99.049,NAVD 88,,ADJUSTED,-27.726,GEOID18,99.027,980396.5,,,,,,,,1,2,,,,VT,82140.,505010.,,,,,,,,A,1978,20050119,GOOD,VTGS,Y,DV = VERTICAL CONTROL DISK,66 = SET IN ROCK OUTCROP,A 53 1978
,20260103,http://www.ngs.noaa.gov/cgi-bin/ds_mark.prl?PidBox=PF0868,PF0868,A 54,,,,VT,CALEDONIA,WEST BURKE (2018),44 38 37.31   (N),071 59 38.53   (W),44.6436972222,-71.9940361111,,NAD 83,(1986),,HD_HELD1,301.542,NAVD 88,,ADJUSTED,-27.492,GEOID18,301.496,980458.9,,,,,,,,1,2,,,,VT,238289.1,540138.7,,,,,,,,A,1978,20140528,GOOD,VTGS,Y,DV = VERTICAL CONTROL DISK,66 = SET IN ROCK OUTCROP,A 54 1978
,20260103,http://www.ngs.noaa.gov/cgi-bin/ds_mark.prl?PidBox=PG1318,PG1318,A 55,,,,VT,ORLEANS,IRASBURG (2018),44 52 03.     (N),072 15 43.     (W),44.8675000000,-72.2619444444,,NAD 83,(1986),,SCALED,212.870,NAVD 88,,ADJUSTED,-27.720,GEOID18,212.849,980516.4,,,,,,,,1,2,,,,VT,263060.,518810.,,,,,,,,B,1978,19960715,GOOD,VTAT,N,DV = VERTICAL CONTROL DISK,36 = SET IN A MASSIVE STRUCTURE,A 55 1978
,20260103,http://www.ngs.noaa.gov/cgi-bin/ds_mark.prl?PidBox=OD1134,OD1134,A 56,,,,VT,WINDHAM,BELLOWS FALLS (2018),43 10 12.     (N),072 27 42.     (W),43.1700000000,-72.4616666667,,NAD 83,(1986),,SCALED,174.947,NAVD 88,,ADJUSTED,-27.759,GEOID18,174.908,980392.1,,,,,,,,1,2,,,,VT,74430.,503120.,,,,,,,,A,1978,20210908,MARK NOT FOUND,VTGS,,DV = VERTICAL CONTROL DISK,66 = SET IN ROCK OUTCROP,A 56 1978
,20260103,http://www.ngs.noaa.gov/cgi-bin/ds_mark.prl?PidBox=PG1263,PG1263,A 57,,,,VT,CALEDONIA,WOODSVILLE (2018),44 11 50.80   (N),072 04 10.36   (W),44.1974444444,-72.0695444444,,NAD 83,(1986),,HD_HELD1,171.399,NAVD 88,,ADJUSTED,-27.557,GEOID18,171.375,980471.9,,,,,,,,1,2,,,,VT,188668.7,534409.3,,,,,,,,B,1978,20150128,GOOD,VTGS,Y,DV = VERTICAL CONTROL DISK,49 = STAINLESS STEEL ROD W/O SLEEVE (10 FT.+),A 57 1978
,20260103,http://www.ngs.noaa.gov/cgi-bin/ds_mark.prl?PidBox=OD1170,OD1170,A 58,,,,VT,WINDSOR,HARTLAND (2018),43 34 48.     (N),072 22 36.     (W),43.5800000000,-72.3766666667,,NAD 83,(1986),,SCALED,103.752,NAVD 88,,ADJUSTED,-27.669,GEOID18,103.732,980420.6,,,,,,,,1,2,,,,VT,119980.,509960.,,,,,,,,B,1978,20050113,MARK NOT FOUND,VTGS,,DV = VERTICAL CONTROL DISK,49 = STAINLESS STEEL ROD W/O SLEEVE (10 FT.+),A 58 1978
,20260103,http://www.ngs.noaa.gov/cgi-bin/ds_mark.prl?PidBox=OD1208,OD1208,A 61,,,,VT,WINDHAM,BELLOWS FALLS (2018),43 11 23.69   (N),072 29 09.58   (W),43.1899138889,-72.4859944444,,NAD 83,(1986),,HD_HELD1,139.164,NAVD 88,,ADJUSTED,-27.728,GEOID18,139.133,980398.8,,,,,,,,1,2,,,,VT,76639.7,501138.5,,,,,,,,B,1980,20171023,GOOD,VTGS,Y,F = FLANGE-ENCASED ROD,49 = STAINLESS STEEL ROD W/O SLEEVE (10 FT.+),A 61 1980
,20260103,http://www.ngs.noaa.gov/cgi-bin/ds_mark.prl?PidBox=OD1233,OD1233,A 62,,,,VT,WINDSOR,LUDLOW (2018),43 25 39.     (N),072 43 01.     (W),43.4275000000,-72.7169444444,,NAD 83,(1986),,SCALED,343.277,NAVD 88,,ADJUSTED,-27.284,GEOID18,343.201,980389.3,,,,,,,,1,2,,,,VT,103060.,482430.,,,,,,,,A,1980,19920509,GOOD,VTAT,N,DB = BENCH MARK DISK,66 = SET IN ROCK OUTCROP,A 62 1980
,20260103,http://www.ngs.noaa.gov/cgi-bin/ds_mark.prl?PidBox=OD1259,OD1259,A 63,,,,VT,RUTLAND,RUTLAND (2018),43 36 25.     (N),072 58 21.     (W),43.6069444444,-72.9725000000,,NAD 83,(1986),,SCALED,194.098,NAVD 88,,ADJUSTED,-28.101,GEOID18,194.061,980424.1,,,,,,,,1,2,,,,VT,123080.,461860.,,,,,,,,B,1980,19971204,GOOD,VTGS,N,DB = BENCH MARK DISK,35 = SET IN A MAT FOUNDATION OR CONCRETE SLAB OTHER THAN PAVEMENT,A 63 1980
,20260103,http://www.ngs.noaa.gov/cgi-bin/ds_mark.prl?PidBox=PG1541,PG1541,A 64,,,,VT,FRANKLIN,EAST ALBURG (2018),44 54 14.     (N),073 07 42.     (W),44.9038888889,-73.1283333333,,NAD 83,(1986),,SCALED,42.312,NAVD 88,,ADJUSTED,-29.156,GEOID18,42.310,980569.9,,,,,,,,1,2,,,,VT,267270.,450380.,,,,,,,,B,1984,1984,MONUMENTED,NGS,,I = METAL ROD,49 = STAINLESS STEEL ROD W/O SLEEVE (10 FT.+),A 64 1984
,20260103,http://www.ngs.noaa.gov/cgi-bin/ds_mark.prl?PidBox=PG1569,PG1569,A 65,,,,VT,CHITTENDEN,BURLINGTON (2018),44 28 33.     (N),073 12 22.     (W),44.4758333333,-73.2061111111,,NAD 83,(1986),,SCALED,87.609,NAVD 88,,ADJUSTED,-29.031,GEOID18,87.600,980512.7,,,,,,,,1,2,,,,VT,219750.,443820.,,,,,,,,B,1984,20060518,GOOD,VTGS,Y,I = METAL ROD,15 = METAL ROD DRIVEN INTO GROUND. SEE TEXT FOR ADDITIONAL INFORMATION.,A 65 1984
,20260103,http://www.ngs.noaa.gov/cgi-bin/ds_mark.prl?PidBox=PG1540,PG1540,A 66,,,,VT,FRANKLIN,EAST ALBURG (2018),44 55 08.85   (N),073 07 31.69   (W),44.9191250000,-73.1254694444,,NAD 83,(1986),,HD_HELD1,43.206,NAVD 88,,ADJUSTED,-29.193,GEOID18,43.204,980570.1,,,,,,,,1,2,,,,VT,268961.4,450616.1,,,,,,,,A,1984,20180412,GOOD,VTGS,N,I = METAL ROD,59 = STAINLESS STEEL ROD IN SLEEVE (10 FT.+),A 66 1984
,20260103,http://www.ngs.noaa.gov/cgi-bin/ds_mark.prl?PidBox=PG0120,PG0120,A 8,,,,VT,CALEDONIA,SAINT JOHNSBURY (2018),44 24 32.     (N),072 01 04.     (W),44.4088888889,-72.0177777778,,NAD 83,(1986),,SCALED,169.086,NAVD 88,,POSTED,-27.549,GEOID18,169.06,980481.7,,,,,,,,,,,,,VT,212190.,538410.,,,,,,,,C,1927,1963,MARK NOT FOUND,CGS,,DB = BENCH MARK DISK,7 = SET IN TOP OF CONCRETE MONUMENT,555.169 A 8 1927
,20260103,http://www.ngs.noaa.gov/cgi-bin/ds_mark.prl?PidBox=OD0555,OD0555,A 9,,,,VT,RUTLAND,POULTNEY (2018),43 35 41.     (N),073 11 32.     (W),43.5947222222,-73.1922222222,,NAD 83,(1986),,SCALED,140.642,NAVD 88,,ADJUSTED,-29.033,GEOID18,140.613,980412.2,,,,,,,,1,2,,,,VT,121850.,444110.,,,,,,,,C,1935,1955,GOOD,CGS,,DB = BENCH MARK DISK,7 = SET IN TOP OF CONCRETE MONUMENT,A 9 1935
,20260103,http://www.ngs.noaa.gov/cgi-bin/ds_mark.prl?PidBox=PG2648,PG2648,A 93002,,,,VT,WASHINGTON,BARRE WEST (2018),44 12 50.7    (N),072 34 35.7    (W),44.2140833333,-72.5765833333,,NAD 83,(1986),,HD_HELD2,298.394,NAVD 88,,ADJUSTED,-27.615,GEOID18,298.352,980467.1,,,,,,,,2,1,,,,VT,190430.,493880.,,,,,,,,A,1993,20070112,GOOD,VTGS,Y,DD = SURVEY DISK,66 = SET IN ROCK OUTCROP,A93002
,20260103,http://www.ngs.noaa.gov/cgi-bin/ds_mark.prl?PidBox=PG2650,PG2650,A 93004,,,,VT,WASHINGTON,BARRE WEST (2018),44 13 34.     (N),072 33 52.     (W),44.2261111111,-72.5644444444,,NAD 83,(1986),,SCALED,276.573,NAVD 88,,ADJUSTED,-27.636,GEOID18,276.534,980472.9,,,,,,,,2,1,,,,VT,191770.,494850.,,,,,,,,A,1993,1993,MONUMENTED,VTAT,Y,DD = SURVEY DISK,66 = SET IN ROCK OUTCROP,A93004
,20260103,http://www.ngs.noaa.gov/cgi-bin/ds_mark.prl?PidBox=PG2651,PG2651,A 93005,,,,VT,WASHINGTON,BARRE WEST (2018),44 14 23.52   (N),072 33 47.30   (W),44.2398666667,-72.5631388889,,NAD 83,(1986),,HD_HELD1,251.759,NAVD 88,,ADJUSTED,-27.653,GEOID18,251.725,980478.0,,,,,,,,2,1,,,,VT,193294.1,494956.5,,,,,,,,A,1993,1993,MONUMENTED,VTAT,Y,DD = SURVEY DISK,66 = SET IN ROCK OUTCROP,A93005
,20260103,http://www.ngs.noaa.gov/cgi-bin/ds_mark.prl?PidBox=PG2652,PG2652,A 93006,,,,VT,WASHINGTON,BARRE WEST (2018),44 14 40.     (N),072 33 58.     (W),44.2444444444,-72.5661111111,,NAD 83,(1986),,SCALED,232.858,NAVD 88,,ADJUSTED,-27.656,GEOID18,232.827,980478.6,,,,,,,,2,1,,,,VT,193800.,494720.,,,,,,,,C,1993,1993,MONUMENTED,VTAT,Y,DD = SURVEY DISK,32 = SET IN A RETAINING WALL OR CONCRETE LEDGE,A93006
,20260103,http://www.ngs.noaa.gov/cgi-bin/ds_mark.prl?PidBox=PG2653,PG2653,A 93007,,,,VT,WASHINGTON,MONTPELIER (2018),44 15 00.     (N),072 34 13.     (W),44.2500000000,-72.5702777778,,NAD 83,(1986),,SCALED,176.416,NAVD 88,,ADJUSTED,-27.660,GEOID18,176.392,980478.5,,,,,,,,2,1,,,,VT,194420.,494390.,,,,,,,,C,1993,1993,MONUMENTED,VTAT,Y,DD = SURVEY DISK,32 = SET IN A RETAINING WALL OR CONCRETE LEDGE,A93007
,20260103,http://www.ngs.noaa.gov/cgi-bin/ds_mark.prl?PidBox=PG2655,PG2655,A 93008,,,,VT,WASHINGTON,MONTPELIER (2018),44 15 29.     (N),072 34 23.     (W),44.2580555556,-72.5730555556,,NAD 83,(1986),,SCALED,162.321,NAVD 88,,ADJUSTED,-27.661,GEOID18,162.298,980478.0,,,,,,,,2,1,,,,VT,195320.,494170.,,,,,,,,B,1988,19930608,GOOD,VTAT,Y,DD = SURVEY DISK,38 = SET IN THE ABUTMENT OR PIER OF A LARGE BRIDGE,A93008
,20260103,http://www.ngs.noaa.gov/cgi-bin/ds_mark.prl?PidBox=PG2657,PG2657,A 93009,,,,VT,WASHINGTON,MONTPELIER (2018),44 15 21.     (N),072 36 04.     (W),44.2558333333,-72.6011111111,,NAD 83,(1986),,SCALED,158.807,NAVD 88,,ADJUSTED,-27.654,GEOID18,158.785,980480.4,,,,,,,,2,1,,,,VT,195070.,491930.,,,,,,,,B,1993,20020417,GOOD,VTGS,N,DD = SURVEY DISK,38 = SET IN THE ABUTMENT OR PIER OF A LARGE BRIDGE,A93009
,20260103,http://www.ngs.noaa.gov/cgi-bin/ds_mark.prl?PidBox=PG2658,PG2658,A 93010,,,,VT,WASHINGTON,MONTPELIER (2018),44 15 42.     (N),072 35 06.     (W),44.2616666667,-72.5850000000,,NAD 83,(1986),,SCALED,159.070,NAVD 88,,ADJUSTED,-27.658,GEOID18,159.049,980478.7,,,,,,,,2,1,,,,VT,195720.,493210.,,,,,,,,B,UNK,19930608,GOOD,VTAT,Y,DB = BENCH MARK DISK,38 = SET IN THE ABUTMENT OR PIER OF A LARGE BRIDGE,A93010
,20260103,http://www.ngs.noaa.gov/cgi-bin/ds_mark.prl?PidBox=AE4167,AE4167,A 93010 RESET,,,,VT,WASHINGTON,MONTPELIER (2018),44 15 40.06527(N),072 35 05.96799(W),44.2611292417,-72.5849911083,130.911,NAD 83,(2011),2010.00,ADJUSTED,158.571,NAVD 88,,ADJUSTED,-27.658,GEOID18,158.549,980478.7,0.79,1.12,0.37,0.25,0.57,-0.11219829,,2,1,1369364.984,-4365641.034,4429008.851,VT,195658.266,493213.398,-0 03 33.5,0.99994432,18,4903712.853,692771.526,+1 41 09.7,1.00005704,B,1996,20180316,GOOD,VTGS,Y,DD = SURVEY DISK,38 = SET IN THE ABUTMENT OR PIER OF A LARGE BRIDGE,A93010 RESET 1996
,20260103,http://www.ngs.noaa.gov/cgi-bin/ds_mark.prl?PidBox=PG2683,PG2683,A 93011,,,,VT,WASHINGTON,MONTPELIER (2018),44 15 03.85   (N),072 33 32.08   (W),44.2510694444,-72.5589111111,,NAD 83,(1986),,HD_HELD1,167.406,NAVD 88,,ADJUSTED,-27.660,GEOID18,167.383,980478.5,,,,,,,,2,1,,,,VT,194538.7,495295.1,,,,,,,,A,1993,20180426,GOOD,VTGS,Y,DD = SURVEY DISK,66 = SET IN ROCK OUTCROP,A93011
,20260103,http://www.ngs.noaa.gov/cgi-bin/ds_mark.prl?PidBox=PG2689,PG2689,A 93012,,,,VT,WASHINGTON,BARRE WEST (2018),44 13 26.6    (N),072 32 59.0    (W),44.2240555556,-72.5497222222,,NAD 83,(1986),,HD_HELD2,170.330,NAVD 88,,ADJUSTED,-27.642,GEOID18,170.305,980471.3,,,,,,,,2,1,,,,VT,191537.,496027.,,,,,,,,B,1993,20160520,GOOD,VTGS,N,DD = SURVEY DISK,38 = SET IN THE ABUTMENT OR PIER OF A LARGE BRIDGE,A93012 1993
,20260103,http://www.ngs.noaa.gov/cgi-bin/ds_mark.prl?PidBox=PG2693,PG2693,A 93013,,,,VT,WASHINGTON,BARRE WEST (2018),44 12 50.     (N),072 31 54.     (W),44.2138888889,-72.5316666667,,NAD 83,(1986),,SCALED,180.797,NAVD 88,,ADJUSTED,-27.630,GEOID18,180.770,980467.0,,,,,,,,2,1,,,,VT,190410.,497470.,,,,,,,,A,1993,1993,MONUMENTED,VTAT,,DD = SURVEY DISK,66 = SET IN ROCK OUTCROP,A93013
,20260103,http://www.ngs.noaa.gov/cgi-bin/ds_mark.prl?PidBox=PG2694,PG2694,A 93014,,,,VT,WASHINGTON,BARRE WEST (2018),44 12 41.25   (N),072 31 08.46   (W),44.2114583333,-72.5190166667,,NAD 83,(1986),,HD_HELD1,179.894,NAVD 88,,ADJUSTED,-27.627,GEOID18,179.868,980467.0,,,,,,,,2,1,,,,VT,190135.9,498480.2,,,,,,,,C,1993,20180413,GOOD,VTGS,Y,DD = SURVEY DISK,34 = SET IN THE FOOTINGS OF SMALL/MEDIUM STRUCTURES,A93014
,20260103,http://www.ngs.noaa.gov/cgi-bin/ds_mark.prl?PidBox=PG2698,PG2698,A 93015,,,,VT,WASHINGTON,BARRE WEST (2018),44 12 21.02   (N),072 30 46.32   (W),44.2058388889,-72.5128666667,,NAD 83,(1986),,HD_HELD1,179.574,NAVD 88,,ADJUSTED,-27.622,GEOID18,179.547,980465.9,,,,,,,,2,1,,,,VT,189511.4,498971.6,,,,,,,,B,1993,20150331,GOOD,VTGS,Y,DD = SURVEY DISK,38 = SET IN THE ABUTMENT OR PIER OF A LARGE BRIDGE,A 93015 1993
,20260103,http://www.ngs.noaa.gov/cgi-bin/ds_mark.prl?PidBox=PG2699,PG2699,A 93016,,,,VT,WASHINGTON,BARRE WEST (2018),44 12 10.     (N),072 30 41.     (W),44.2027777778,-72.5113888889,,NAD 83,(1986),,SCALED,187.428,NAVD 88,,ADJUSTED,-27.619,GEOID18,187.400,980465.0,,,,,,,,2,1,,,,VT,189170.,499090.,,,,,,,,B,1993,20000522,GOOD,VTGS,Y,DD = SURVEY DISK,38 = SET IN THE ABUTMENT OR PIER OF A LARGE BRIDGE,A 93016 1993
,20260103,http://www.ngs.noaa.gov/cgi-bin/ds_mark.prl?PidBox=PG2700,PG2700,A 93017,,,,VT,WASHINGTON,BARRE WEST (2018),44 12 07.     (N),072 30 35.     (W),44.2019444444,-72.5097222222,,NAD 83,(1986),,SCALED,183.030,NAVD 88,,ADJUSTED,-27.618,GEOID18,183.002,980464.7,,,,,,,,2,1,,,,VT,189080.,499220.,,,,,,,,C,1993,20000522,GOOD,VTGS,Y,DD = SURVEY DISK,32 = SET IN A RETAINING WALL OR CONCRETE LEDGE,1993 A 93017
,20260103,http://www.ngs.noaa.gov/cgi-bin/ds_mark.prl?PidBox=PG2702,PG2702,A 93018,,,,VT,WASHINGTON,BARRE WEST (2018),44 11 47.1    (N),072 30 05.4    (W),44.1964166667,-72.5015000000,,NAD 83,(1986),,HD_HELD2,187.155,NAVD 88,,ADJUSTED,-27.611,GEOID18,187.126,980461.0,,,,,,,,2,1,,,,VT,188464.,499880.,,,,,,,,B,1993,20000522,GOOD,VTGS,N,DD = SURVEY DISK,36 = SET IN A MASSIVE STRUCTURE,A 93018 1993
,20260103,http://www.ngs.noaa.gov/cgi-bin/ds_mark.prl?PidBox=DL8528,DL8528,A00001,,,,VT,WINDSOR,HANOVER (2018),43 39 00.     (N),072 19 07.     (W),43.6500000000,-72.3186111111,,NAD 83,(1986),,SCALED,109.357,NAVD 88,,ADJUSTED,-27.688,GEOID18,109.337,980431.9,,,,,,,,2,1,,,,VT,127770.,514630.,,,,,,,,B,2000,2000,MONUMENTED,VTAT,Y,DD = SURVEY DISK,38 = SET IN THE ABUTMENT OR PIER OF A LARGE BRIDGE,A00001
,20260103,http://www.ngs.noaa.gov/cgi-bin/ds_mark.prl?PidBox=DL8529,DL8529,A00002,,,,VT,WINDSOR,HANOVER (2018),43 39 07.     (N),072 19 10.     (W),43.6519444444,-72.3194444444,,NAD 83,(1986),,SCALED,110.049,NAVD 88,,ADJUSTED,-27.687,GEOID18,110.029,980431.8,,,,,,,,2,1,,,,VT,127990.,514570.,,,,,,,,B,2000,2000,MONUMENTED,VTAT,N,DD = SURVEY DISK,38 = SET IN THE ABUTMENT OR PIER OF A LARGE BRIDGE,A00002
,20260103,http://www.ngs.noaa.gov/cgi-bin/ds_mark.prl?PidBox=DL8530,DL8530,A00003,,,,VT,WINDSOR,HANOVER (2018),43 39 23.     (N),072 19 52.     (W),43.6563888889,-72.3311111111,,NAD 83,(1986),,SCALED,116.777,NAVD 88,,ADJUSTED,-27.680,GEOID18,116.755,980432.7,,,,,,,,2,1,,,,VT,128480.,513620.,,,,,,,,A,2000,2000,MONUMENTED,VTDH,N,DB = BENCH MARK DISK,66 = SET IN ROCK OUTCROP,A00003
,20260103,http://www.ngs.noaa.gov/cgi-bin/ds_mark.prl?PidBox=DL8531,DL8531,A00004,,,,VT,WINDSOR,HANOVER (2018),43 39 39.     (N),072 20 25.     (W),43.6608333333,-72.3402777778,,NAD 83,(1986),,SCALED,122.264,NAVD 88,,ADJUSTED,-27.672,GEOID18,122.241,980433.8,,,,,,,,2,1,,,,VT,128970.,512880.,,,,,,,,B,2000,2000,MONUMENTED,VTAT,N,DD = SURVEY DISK,38 = SET IN THE ABUTMENT OR PIER OF A LARGE BRIDGE,A00004
,20260103,http://www.ngs.noaa.gov/cgi-bin/ds_mark.prl?PidBox=DL8532,DL8532,A00005,,,,VT,WINDSOR,HANOVER (2018),43 39 51.     (N),072 21 02.     (W),43.6641666667,-72.3505555556,,NAD 83,(1986),,SCALED,110.545,NAVD 88,,ADJUSTED,-27.665,GEOID18,110.525,980437.2,,,,,,,,2,1,,,,VT,129340.,512050.,,,,,,,,C,2000,2000,MONUMENTED,VTGS,N,DD = SURVEY DISK,32 = SET IN A RETAINING WALL OR CONCRETE LEDGE,A00005
,20260103,http://www.ngs.noaa.gov/cgi-bin/ds_mark.prl?PidBox=DL8533,DL8533,A00006,,,,VT,WINDSOR,HANOVER (2018),43 40 09.     (N),072 21 53.     (W),43.6691666667,-72.3647222222,,NAD 83,(1986),,SCALED,115.838,NAVD 88,,ADJUSTED,-27.656,GEOID18,115.816,980430.0,,,,,,,,2,1,,,,VT,129890.,510910.,,,,,,,,A,2000,2000,MONUMENTED,VTGS,N,DD = SURVEY DISK,66 = SET IN ROCK OUTCROP,A00006
,20260103,http://www.ngs.noaa.gov/cgi-bin/ds_mark.prl?PidBox=DL8534,DL8534,A00007,,,,VT,WINDSOR,QUECHEE (2018),43 40 21.     (N),072 22 43.     (W),43.6725000000,-72.3786111111,,NAD 83,(1986),,SCALED,128.694,NAVD 88,,ADJUSTED,-27.645,GEOID18,128.670,980428.5,,,,,,,,2,1,,,,VT,130260.,509790.,,,,,,,,C,2000,2000,MONUMENTED,VTGS,Y,DD = SURVEY DISK,35 = SET IN A MAT FOUNDATION OR CONCRETE SLAB OTHER THAN PAVEMENT,A00007
,20260103,http://www.ngs.noaa.gov/cgi-bin/ds_mark.prl?PidBox=DL8535,DL8535,A00008,,,,VT,WINDSOR,QUECHEE (2018),43 40 50.     (N),072 23 28.     (W),43.6805555556,-72.3911111111,,NAD 83,(1986),,SCALED,116.454,NAVD 88,,ADJUSTED,-27.632,GEOID18,116.432,980435.3,,,,,,,,2,1,,,,VT,131150.,508780.,,,,,,,,A,2000,2000,MONUMENTED,VTGS,N,DD = SURVEY DISK,66 = SET IN ROCK OUTCROP,A00008
,20260103,http://www.ngs.noaa.gov/cgi-bin/ds_mark.prl?PidBox=DL8536,DL8536,A00009,,,,VT,WINDSOR,QUECHEE (2018),43 41 22.     (N),072 23 58.     (W),43.6894444444,-72.3994444444,,NAD 83,(1986),,SCALED,118.667,NAVD 88,,ADJUSTED,-27.621,GEOID18,118.644,980431.2,,,,,,,,2,1,,,,VT,132140.,508110.,,,,,,,,A,2000,2000,MONUMENTED,VTGS,N,DD = SURVEY DISK,66 = SET IN ROCK OUTCROP,A00009
,20260103,http://www.ngs.noaa.gov/cgi-bin/ds_mark.prl?PidBox=DL8537,DL8537,A00010,,,,VT,WINDSOR,QUECHEE (2018),43 42 00.     (N),072 24 18.     (W),43.7000000000,-72.4050000000,,NAD 83,(1986),,SCALED,118.204,NAVD 88,,ADJUSTED,-27.609,GEOID18,118.182,980431.5,,,,,,,,2,1,,,,VT,133310.,507660.,,,,,,,,A,2000,2000,MONUMENTED,VTGS,N,DD = SURVEY DISK,66 = SET IN ROCK OUTCROP,A00010
,20260103,http://www.ngs.noaa.gov/cgi-bin/ds_mark.prl?PidBox=DL8538,DL8538,A00011,,,,VT,WINDSOR,QUECHEE (2018),43 42 18.     (N),072 24 49.     (W),43.7050000000,-72.4136111111,,NAD 83,(1986),,SCALED,128.522,NAVD 88,,ADJUSTED,-27.601,GEOID18,128.499,980435.8,,,,,,,,2,1,,,,VT,133870.,506960.,,,,,,,,A,2000,2000,MONUMENTED,VTGS,N,DD = SURVEY DISK,66 = SET IN ROCK OUTCROP,A00011
,20260103,http://www.ngs.noaa.gov/cgi-bin/ds_mark.prl?PidBox=DL8539,DL8539,A00012,,,,VT,WINDSOR,QUECHEE (2018),43 43 19.     (N),072 25 16.     (W),43.7219444444,-72.4211111111,,NAD 83,(1986),,SCALED,123.660,NAVD 88,,ADJUSTED,-27.586,GEOID18,123.638,980441.8,,,,,,,,2,1,,,,VT,135750.,506360.,,,,,,,,A,2000,20111019,MARK NOT FOUND,FEMA,N,DD = SURVEY DISK,66 = SET IN ROCK OUTCROP,A00012
,20260103,http://www.ngs.noaa.gov/cgi-bin/ds_mark.prl?PidBox=DL8540,DL8540,A00013,,,,VT,WINDSOR,QUECHEE (2018),43 44 20.     (N),072 26 15.     (W),43.7388888889,-72.4375000000,,NAD 83,(1986),,SCALED,131.743,NAVD 88,,ADJUSTED,-27.557,GEOID18,131.719,980437.0,,,,,,,,2,1,,,,VT,137630.,505040.,,,,,,,,A,2000,2000,MONUMENTED,VTGS,N,DD = SURVEY DISK,66 = SET IN ROCK OUTCROP,A00013
