FeatureId,DATA_DATE,DATA_SRCE,PID,NAME,HT_MOD,CORS_ID,PACS_SACS,STATE,COUNTY,QUAD,LATITUDE,LONGITUDE,DEC_LAT,DEC_LON,ELLIP_HT,POS_DATUM,DATUM_TAG,POS_EPOCH,POS_SRCE,ORTHO_HT,VERT_DATUM,VERT_EPOCH,VERT_SRCE,GEOID_HT,GEOID_MOD,DYNAMIC_HT,MODEL_GRAV,N_ACC_HZ,N_ACC_EH,N_ACC_STDN,N_ACC_STDE,N_ACC_STDH,N_ACC_CORR,POS_ORDER,VERT_ORDER,VERT_CLASS,ECEF_X,ECEF_Y,ECEF_Z,SPC_ZONE,SPC_NORTH,SPC_EAST,SPC_CONV,SPC_CSF,UTM_ZONE,UTM_NORTH,UTM_EAST,UTM_CONV,UTM_CSF,STABILITY,FIRST_RECV,LAST_RECV,LAST_COND,LAST_RECBY,SAT_USE,MARKER,SETTING,STAMPING
,20260103,http://www.ngs.noaa.gov/cgi-bin/ds_mark.prl?PidBox=HW1411,HW1411,1,,,,WV,PENDLETON,CIRCLEVILLE (2016),38 42 24.     (N),079 27 55.     (W),38.7066666667,-79.4652777778,,NAD 83,(1986),,SCALED,585.656,NAVD 88,,ADJUSTED,-30.774,GEOID18,585.219,979862.9,,,,,,,,2,0,,,,WV S,190530.,733480.,,,,,,,,C,UNK,1954,MARK NOT FOUND,USACE,,Q = CHISELED SQUARE,32 = SET IN A RETAINING WALL OR CONCRETE LEDGE,
,20260103,http://www.ngs.noaa.gov/cgi-bin/ds_mark.prl?PidBox=KY0859,KY0859,1,,,,WV,OHIO,VALLEY GROVE (2016),40 03 22.     (N),080 37 14.     (W),40.0561111111,-80.6205555556,,NAD 83,(1986),,SCALED,230.005,NAVD 88,,ADJUSTED,-33.863,GEOID18,229.876,980060.8,,,,,,,,2,0,,,,WV N,173360.,504400.,,,,,,,,D,1934,20191209,GOOD,USPSQD,,DD = SURVEY DISK,9 = POST (STONE OR PRECAST CONCRETE),
,20260103,http://www.ngs.noaa.gov/cgi-bin/ds_mark.prl?PidBox=GX2020,GX2020,1,,,,WV,MCDOWELL,WELCH (2016),37 26 03.     (N),081 35 07.     (W),37.4341666667,-81.5852777778,,NAD 83,(1986),,SCALED,394.816,NAVD 88,,ADJUSTED,-31.116,GEOID18,394.491,979795.8,,,,,,,,2,0,,,,WV S,48350.,548200.,,,,,,,,D,1934,1958,POOR,CGS,,DD = SURVEY DISK,31 = SET IN A PAVEMENT SUCH AS STREET SIDEWALK CURB ETC.,
,20260103,http://www.ngs.noaa.gov/cgi-bin/ds_mark.prl?PidBox=JX0216,JX0216,1,,,,WV,TAYLOR,GRAFTON (2016),39 18 53.     (N),080 01 57.     (W),39.3147222222,-80.0325000000,,NAD 83,(1986),,SCALED,305.233,NAVD 88,,ADJUSTED,-32.151,GEOID18,305.043,979998.1,,,,,,,,1,2,,,,WV N,90580.,554080.,,,,,,,,B,UNK,1935,GOOD,CGS,,X = CHISELED CROSS,36 = SET IN A MASSIVE STRUCTURE,
,20260103,http://www.ngs.noaa.gov/cgi-bin/ds_mark.prl?PidBox=KY2974,KY2974,1,,,,WV,OHIO,TILTONSVILLE (2016),40 08 56.     (N),080 42 01.     (W),40.1488888889,-80.7002777778,,NAD 83,(1986),,SCALED,199.824,NAVD 88,,ADJUSTED,-33.938,GEOID18,199.716,980083.0,,,,,,,,1,2,,,,WV N,183740.,497730.,,,,,,,,A,UNK,20191010,GOOD,USPSQD,Y,DD = SURVEY DISK,40 = SET IN A LARGE STRUCTURE WITH DEEP FOUNDATIONS,1 M 3
,20260103,http://www.ngs.noaa.gov/cgi-bin/ds_mark.prl?PidBox=JX0071,JX0071,1,,,,WV,MARION,FAIRMONT WEST (2016),39 29 47.     (N),080 07 54.     (W),39.4963888889,-80.1316666667,,NAD 83,(1986),,SCALED,267.266,NAVD 88,,ADJUSTED,-32.611,GEOID18,267.107,980023.5,,,,,,,,1,2,,,,WV N,110810.,545670.,,,,,,,,D,1934,1935,GOOD,CGS,,DD = SURVEY DISK,9 = POST (STONE OR PRECAST CONCRETE),
,20260103,http://www.ngs.noaa.gov/cgi-bin/ds_mark.prl?PidBox=HW3553,HW3553,1,,,,WV,POCAHONTAS,CLOVER LICK (2016),38 17 25.44907(N),079 54 13.90138(W),38.2904025194,-79.9038614944,,NAD 83,(1995),,ADJUSTED,1113.,NAVD 88,,SCALED,-30.921,GEOID18,,,,,,,,,2,,,,,,WV S,143787.172,695886.444,+0 40 39.5,0.99975764,17,4238604.804,595858.657,+0 40 45.4,0.99971316,A,1934,1957,GOOD,CGS,,DD = SURVEY DISK,66 = SET IN ROCK OUTCROP,1 1934
,20260103,http://www.ngs.noaa.gov/cgi-bin/ds_mark.prl?PidBox=JX1892,JX1892,1,,,,WV,MARION,FAIRMONT WEST (2016),39 28 17.19150(N),080 10 37.09650(W),39.4714420833,-80.1769712500,,NAD 83,(1995),,ADJUSTED,290.,NAVD 88,,SCALED,-32.634,GEOID18,,,,,,,,,2,,,,,,WV N,108065.889,541751.359,-0 25 54.3,0.99990401,17,4369418.372,570792.623,+0 31 23.6,0.99966170,D,1934,1934,MONUMENTED,WVGS,,DD = SURVEY DISK,9 = POST (STONE OR PRECAST CONCRETE),
,20260103,http://www.ngs.noaa.gov/cgi-bin/ds_mark.prl?PidBox=JX0476,JX0476,1 A OHIO RIVER CROSSING,,,,WV,MARSHALL,POWHATAN POINT (2016),39 46 05.     (N),080 51 52.     (W),39.7680555556,-80.8644444444,,NAD 83,(1986),,SCALED,189.411,NAVD 88,,ADJUSTED,-33.594,GEOID18,189.301,980043.0,,,,,,,,1,2,,,,WV N,141660.,483100.,,,,,,,,C,1934,20171112,MARK NOT FOUND,GEOCAC,,DB = BENCH MARK DISK,7 = SET IN TOP OF CONCRETE MONUMENT,NO 1 A OHIO RIVER CROSSING 1934
,20260103,http://www.ngs.noaa.gov/cgi-bin/ds_mark.prl?PidBox=JX0475,JX0475,1 B OHIO RIVER CROSSING,,,,WV,MARSHALL,POWHATAN POINT (2016),39 46 06.1    (N),080 51 42.4    (W),39.7683611111,-80.8617777778,,NAD 83,(1986),,HD_HELD2,194.464,NAVD 88,,ADJUSTED,-33.592,GEOID18,194.351,980044.2,,,,,,,,1,2,,,,WV N,141695.,483332.,,,,,,,,B,1934,20170930,GOOD,GEOCAC,N,DB = BENCH MARK DISK,36 = SET IN A MASSIVE STRUCTURE,NO 1 B OHIO RIVER CROSSING 1934
,20260103,http://www.ngs.noaa.gov/cgi-bin/ds_mark.prl?PidBox=JW0956,JW0956,1 SKS,,,,WV,MONONGALIA,MORGANTOWN NORTH (2016),39 38 39.8    (N),079 55 16.5    (W),39.6443888889,-79.9212500000,,NAD 83,(1986),,HD_HELD2,374.729,NAVD 88,,ADJUSTED,-32.525,GEOID18,374.509,980027.1,,,,,,,,1,2,,,,WV N,127132.,563844.,,,,,,,,C,1956,20090908,GOOD,GEOCAC,Y,DB = BENCH MARK DISK,7 = SET IN TOP OF CONCRETE MONUMENT,1 SKS 1956 1230
,20260103,http://www.ngs.noaa.gov/cgi-bin/ds_mark.prl?PidBox=JW0893,JW0893,1 WVUNIV,,,,WV,MONONGALIA,MORGANTOWN NORTH (2016),39 38 02.     (N),079 57 11.     (W),39.6338888889,-79.9530555556,,NAD 83,(1986),,SCALED,294.743,NAVD 88,,ADJUSTED,-32.569,GEOID18,294.569,980027.0,,,,,,,,1,2,,,,WV N,125980.,561110.,,,,,,,,C,1935,20090919,MARK NOT FOUND,GEOCAC,,DD = SURVEY DISK,7 = SET IN TOP OF CONCRETE MONUMENT,W V U NO 1 1935
,20260103,http://www.ngs.noaa.gov/cgi-bin/ds_mark.prl?PidBox=JX1920,JX1920,10,,,,WV,HARRISON,SHINNSTON (2016),39 22 33.67631(N),080 18 41.13202(W),39.3760211972,-80.3114255611,,NAD 83,(1995),,ADJUSTED,314.,NAVD 88,,SCALED,-32.674,GEOID18,,,,,,,,,2,,,,,,WV N,97568.748,530087.114,-0 31 03.0,0.99990611,17,4358731.505,559308.274,+0 26 12.7,0.99964331,D,1934,1941,GOOD,CGS,,DD = SURVEY DISK,9 = POST (STONE OR PRECAST CONCRETE),
,20260103,http://www.ngs.noaa.gov/cgi-bin/ds_mark.prl?PidBox=HX2038,HX2038,10 JJ S,,,,WV,KANAWHA,BELLE (2016),38 13 30.     (N),081 31 45.     (W),38.2250000000,-81.5291666667,,NAD 83,(1986),,SCALED,185.988,NAVD 88,,ADJUSTED,-32.533,GEOID18,185.857,979923.3,,,,,,,,1,2,,,,WV S,136090.,553670.,,,,,,,,C,1956,1959,GOOD,CGS,,DD = SURVEY DISK,7 = SET IN TOP OF CONCRETE MONUMENT,611 JJ S 1956
,20260103,http://www.ngs.noaa.gov/cgi-bin/ds_mark.prl?PidBox=HX1960,HX1960,1006,,,,WV,NICHOLAS,ANSTED (2016),38 12 14.5    (N),081 00 51.1    (W),38.2040277778,-81.0141944444,,NAD 83,(1986),,HD_HELD2,306.266,NAVD 88,,ADJUSTED,-31.697,GEOID18,306.038,979875.8,,,,,,,,2,0,,,,WV S,133633.,598757.,,,,,,,,A,1898,20070331,GOOD,GEOCAC,N,DB = BENCH MARK DISK,66 = SET IN ROCK OUTCROP,1006
,20260103,http://www.ngs.noaa.gov/cgi-bin/ds_mark.prl?PidBox=JW0703,JW0703,1007,,,,WV,GRANT,RIG (2016),39 02 35.     (N),079 06 51.     (W),39.0430555556,-79.1141666667,,NAD 83,(1986),,SCALED,306.746,NAVD 88,,ADJUSTED,-31.860,GEOID18,306.547,979969.7,,,,,,,,2,0,,,,WV N,60360.,633400.,,,,,,,,B,1920,20110705,MARK NOT FOUND,GEOCAC,,DD = SURVEY DISK,36 = SET IN A MASSIVE STRUCTURE,1007 W VA
,20260103,http://www.ngs.noaa.gov/cgi-bin/ds_mark.prl?PidBox=HX2275,HX2275,101+00,,,,WV,PUTNAM,WINFIELD (2016),38 32 40.     (N),081 52 53.     (W),38.5444444444,-81.8813888889,,NAD 83,(1986),,SCALED,175.383,NAVD 88,,ADJUSTED,-33.504,GEOID18,175.265,979949.4,,,,,,,,1,2,,,,WV S,171780.,523170.,,,,,,,,D,UNK,1956,GOOD,CGS,,Z = SEE DESCRIPTION,30 = SET IN A LIGHT STRUCTURE,
,20260103,http://www.ngs.noaa.gov/cgi-bin/ds_mark.prl?PidBox=JW0843,JW0843,1011.7,,,,WV,TAYLOR,THORNTON (2016),39 16 04.     (N),079 59 08.     (W),39.2677777778,-79.9855555556,,NAD 83,(1986),,SCALED,308.193,NAVD 88,,ADJUSTED,-31.964,GEOID18,307.994,979974.3,,,,,,,,1,2,,,,WV N,85350.,558100.,,,,,,,,B,UNK,1957,MARK NOT FOUND,CGS,,Q = CHISELED SQUARE,36 = SET IN A MASSIVE STRUCTURE,
,20260103,http://www.ngs.noaa.gov/cgi-bin/ds_mark.prl?PidBox=JX0050,JX0050,1013,,,,WV,WETZEL,HUNDRED (2016),39 41 07.21   (N),080 27 35.46   (W),39.6853361111,-80.4598500000,,NAD 83,(1986),,HD_HELD1,308.736,NAVD 88,,ADJUSTED,-33.099,GEOID18,308.556,980034.2,,,,,,,,1,2,,,,WV N,132032.8,517666.1,,,,,,,,B,1902,20090703,GOOD,GEOCAC,,DB = BENCH MARK DISK,36 = SET IN A MASSIVE STRUCTURE,1013 GRAFTON 1902
,20260103,http://www.ngs.noaa.gov/cgi-bin/ds_mark.prl?PidBox=HX2274,HX2274,102+00,,,,WV,PUTNAM,BANCROFT (2016),38 32 12.     (N),081 51 55.     (W),38.5366666667,-81.8652777778,,NAD 83,(1986),,SCALED,175.418,NAVD 88,,ADJUSTED,-33.498,GEOID18,175.298,979945.1,,,,,,,,1,2,,,,WV S,170910.,524560.,,,,,,,,D,UNK,1935,GOOD,CGS,,Z = SEE DESCRIPTION,30 = SET IN A LIGHT STRUCTURE,
,20260103,http://www.ngs.noaa.gov/cgi-bin/ds_mark.prl?PidBox=JW0733,JW0733,1020,,,,WV,MINERAL,WESTERNPORT (2016),39 28 16.     (N),079 04 59.     (W),39.4711111111,-79.0830555556,,NAD 83,(1986),,SCALED,310.994,NAVD 88,,ADJUSTED,-31.902,GEOID18,310.781,979936.1,,,,,,,,2,0,,,,WV N,107890.,635880.,,,,,,,,B,UNK,20230613,SEE DESCRIPTION,PROFLN,,DB = BENCH MARK DISK,36 = SET IN A MASSIVE STRUCTURE,1020
,20260103,http://www.ngs.noaa.gov/cgi-bin/ds_mark.prl?PidBox=JX0211,JX0211,1023.21,,,,WV,LEWIS,WESTON (2016),39 01 01.     (N),080 28 34.     (W),39.0169444444,-80.4761111111,,NAD 83,(1986),,SCALED,311.818,NAVD 88,,ADJUSTED,-32.379,GEOID18,311.615,979969.7,,,,,,,,2,0,,,,WV S,224000.,645370.,,,,,,,,B,UNK,1933,GOOD,CGS,,Q = CHISELED SQUARE,36 = SET IN A MASSIVE STRUCTURE,
,20260103,http://www.ngs.noaa.gov/cgi-bin/ds_mark.prl?PidBox=JX0166,JX0166,103 A BORR,,,,WV,TAYLOR,GRAFTON (2016),39 20 51.     (N),080 02 22.     (W),39.3475000000,-80.0394444444,,NAD 83,(1986),,SCALED,299.484,NAVD 88,,ADJUSTED,-32.215,GEOID18,299.297,979994.8,,,,,,,,1,2,,,,WV N,94230.,553500.,,,,,,,,B,1904,1983,MARK NOT FOUND,NGS,,B = BOLT,36 = SET IN A MASSIVE STRUCTURE,
,20260103,http://www.ngs.noaa.gov/cgi-bin/ds_mark.prl?PidBox=HX2272,HX2272,103+00,,,,WV,PUTNAM,BANCROFT (2016),38 31 28.     (N),081 51 18.     (W),38.5244444444,-81.8550000000,,NAD 83,(1986),,SCALED,177.37,NAVD 88,,VERTCON3,-33.482,GEOID18,,,,,,,,,,,,,,,WV S,169540.,525450.,,,,,,,,D,UNK,1956,GOOD,CGS,,Z = SEE DESCRIPTION,30 = SET IN A LIGHT STRUCTURE,
,20260103,http://www.ngs.noaa.gov/cgi-bin/ds_mark.prl?PidBox=JX0167,JX0167,104 BORR,,,,WV,TAYLOR,GRAFTON (2016),39 21 13.     (N),080 02 24.     (W),39.3536111111,-80.0400000000,,NAD 83,(1986),,SCALED,301.363,NAVD 88,,ADJUSTED,-32.224,GEOID18,301.174,979992.8,,,,,,,,1,2,,,,WV N,94910.,553460.,,,,,,,,B,1904,1983,MARK NOT FOUND,NGS,,B = BOLT,36 = SET IN A MASSIVE STRUCTURE,
,20260103,http://www.ngs.noaa.gov/cgi-bin/ds_mark.prl?PidBox=HW1442,HW1442,1040,,,,WV,GRANT,PETERSBURG WEST (2016),38 55 55.     (N),079 10 16.     (W),38.9319444444,-79.1711111111,,NAD 83,(1986),,SCALED,316.586,NAVD 88,,ADJUSTED,-31.672,GEOID18,316.377,979959.0,,,,,,,,2,0,,,,WV N,48010.,628520.,,,,,,,,D,UNK,1954,GOOD,CGS,,N = NAIL,33 = WOODEN OBJECT (DRIVEN IN A PILE POLE TREE OR STUMP),
,20260103,http://www.ngs.noaa.gov/cgi-bin/ds_mark.prl?PidBox=JW0817,JW0817,1041,,,,WV,TAYLOR,THORNTON (2016),39 20 38.     (N),079 56 39.     (W),39.3438888889,-79.9441666667,,NAD 83,(1986),,SCALED,317.208,NAVD 88,,POSTED,-31.999,GEOID18,317.01,979996.4,,,,,,,,,,,,,WV N,93780.,561710.,,,,,,,,B,1904,1983,MARK NOT FOUND,NGS,,DB = BENCH MARK DISK,36 = SET IN A MASSIVE STRUCTURE,1041 ADJ 1903
,20260103,http://www.ngs.noaa.gov/cgi-bin/ds_mark.prl?PidBox=HX0248,HX0248,1049,,,,WV,WEBSTER,HACKER VALLEY (2016),38 38 52.2    (N),080 29 06.6    (W),38.6478333333,-80.4851666667,,NAD 83,(1986),,HD_HELD2,319.687,NAVD 88,,ADJUSTED,-31.657,GEOID18,319.467,979932.6,,,,,,,,2,0,,,,WV S,183019.,644816.,,,,,,,,C,1913,1962,GOOD,CGS,,DB = BENCH MARK DISK,80 = SET IN A BOULDER,1049
,20260103,http://www.ngs.noaa.gov/cgi-bin/ds_mark.prl?PidBox=HW1440,HW1440,1051,,,,WV,GRANT,PETERSBURG WEST (2016),38 55 16.     (N),079 10 51.     (W),38.9211111111,-79.1808333333,,NAD 83,(1986),,SCALED,320.088,NAVD 88,,ADJUSTED,-31.633,GEOID18,319.875,979956.2,,,,,,,,2,0,,,,WV N,46800.,627680.,,,,,,,,B,UNK,1934,GOOD,CGS,,DD = SURVEY DISK,36 = SET IN A MASSIVE STRUCTURE,1051 USGS
,20260103,http://www.ngs.noaa.gov/cgi-bin/ds_mark.prl?PidBox=HW1441,HW1441,1051 RESET,,,,WV,GRANT,PETERSBURG WEST (2016),38 55 18.33   (N),079 10 50.49   (W),38.9217583333,-79.1806916667,,NAD 83,(1986),,HD_HELD1,323.82,NAVD 88,,VERTCON3,-31.634,GEOID18,,,,,,,,,,,,,,,WV N,46871.8,627691.3,,,,,,,,B,1957,20051010,GOOD,GEOCAC,N,DD = SURVEY DISK,36 = SET IN A MASSIVE STRUCTURE,1051 W VA RESET 1957
,20260103,http://www.ngs.noaa.gov/cgi-bin/ds_mark.prl?PidBox=GX2431,GX2431,1057,,,,WV,WYOMING,GILBERT (2016),37 34 19.     (N),081 47 42.     (W),37.5719444444,-81.7950000000,,NAD 83,(1986),,SCALED,322.170,NAVD 88,,ADJUSTED,-31.323,GEOID18,321.921,979848.5,,,,,,,,2,0,,,,WV S,63780.,529770.,,,,,,,,B,1909,1958,GOOD,CGS,,DB = BENCH MARK DISK,36 = SET IN A MASSIVE STRUCTURE,1057
,20260103,http://www.ngs.noaa.gov/cgi-bin/ds_mark.prl?PidBox=JX0230,JX0230,1059,,,,WV,HARRISON,FOLSOM (2016),39 25 25.     (N),080 30 58.     (W),39.4236111111,-80.5161111111,,NAD 83,(1986),,SCALED,322.636,NAVD 88,,ADJUSTED,-32.939,GEOID18,322.441,980012.2,,,,,,,,2,0,,,,WV N,103030.,512510.,,,,,,,,B,1903,1957,GOOD,CGS,,DB = BENCH MARK DISK,36 = SET IN A MASSIVE STRUCTURE,1059 GRAFTON
,20260103,http://www.ngs.noaa.gov/cgi-bin/ds_mark.prl?PidBox=HX1504,HX1504,1071,,,,WV,BRAXTON,SUTTON (2016),38 43 22.     (N),080 39 02.     (W),38.7227777778,-80.6505555556,,NAD 83,(1986),,SCALED,326.237,NAVD 88,,ADJUSTED,-32.189,GEOID18,326.016,979943.5,,,,,,,,2,0,,,,WV S,191270.,630390.,,,,,,,,D,1908,20050806,MARK NOT FOUND,GEOCAC,,P = PIPE CAP,17 = SET INTO TOP OF METAL PIPE DRIVEN INTO GROUND,1071 GRAFTON
,20260103,http://www.ngs.noaa.gov/cgi-bin/ds_mark.prl?PidBox=HX0141,HX0141,1088,,,,WV,LEWIS,WALKERSVILLE (2016),38 52 08.     (N),080 27 27.     (W),38.8688888889,-80.4575000000,,NAD 83,(1986),,SCALED,331.343,NAVD 88,,ADJUSTED,-32.102,GEOID18,331.120,979946.3,,,,,,,,2,0,,,,WV S,207570.,647080.,,,,,,,,B,1911,1962,MARK NOT FOUND,CGS,,DB = BENCH MARK DISK,36 = SET IN A MASSIVE STRUCTURE,1088
,20260103,http://www.ngs.noaa.gov/cgi-bin/ds_mark.prl?PidBox=HX1818,HX1818,1088,,,,WV,NICHOLAS,LOCKWOOD (2016),38 15 56.     (N),081 01 07.     (W),38.2655555556,-81.0186111111,,NAD 83,(1986),,SCALED,331.493,NAVD 88,,ADJUSTED,-31.818,GEOID18,331.251,979890.7,,,,,,,,2,0,,,,WV S,140460.,598370.,,,,,,,,C,1898,1961,GOOD,CGS,,DB = BENCH MARK DISK,80 = SET IN A BOULDER,1088 KNWA
,20260103,http://www.ngs.noaa.gov/cgi-bin/ds_mark.prl?PidBox=JX0116,JX0116,1091.63,,,,WV,TAYLOR,GRAFTON (2016),39 16 51.0    (N),080 04 00.4    (W),39.2808333333,-80.0667777778,,NAD 83,(1986),,HD_HELD2,332.813,NAVD 88,,ADJUSTED,-32.164,GEOID18,332.604,979989.3,,,,,,,,1,2,,,,WV N,86840.,551099.,,,,,,,,B,UNK,1943,GOOD,CGS,,B = BOLT,36 = SET IN A MASSIVE STRUCTURE,
,20260103,http://www.ngs.noaa.gov/cgi-bin/ds_mark.prl?PidBox=JX0315,JX0315,1096,,,,WV,LEWIS,CAMDEN (2016),39 03 15.     (N),080 33 59.     (W),39.0541666667,-80.5663888889,,NAD 83,(1986),,SCALED,333.812,NAVD 88,,ADJUSTED,-32.565,GEOID18,333.597,979974.3,,,,,,,,2,0,,,,WV S,228090.,637540.,,,,,,,,D,1902,1933,GOOD,CGS,,P = PIPE CAP,17 = SET INTO TOP OF METAL PIPE DRIVEN INTO GROUND,1096 GRAFTON
,20260103,http://www.ngs.noaa.gov/cgi-bin/ds_mark.prl?PidBox=JX1921,JX1921,11,,,,WV,HARRISON,SHINNSTON (2016),39 22 47.57493(N),080 18 31.81171(W),39.3798819250,-80.3088365861,,NAD 83,(1995),,ADJUSTED,323.,NAVD 88,,SCALED,-32.675,GEOID18,,,,,,,,,2,,,,,,WV N,97995.326,530314.035,-0 30 57.1,0.99990440,17,4359161.672,559527.990,+0 26 18.7,0.99964363,D,1934,20080126,GOOD,GEOCAC,,DD = SURVEY DISK,9 = POST (STONE OR PRECAST CONCRETE),
,20260103,http://www.ngs.noaa.gov/cgi-bin/ds_mark.prl?PidBox=JW1102,JW1102,11 JEA,,,,WV,TAYLOR,THORNTON (2016),39 19 52.     (N),079 55 22.     (W),39.3311111111,-79.9227777778,,NAD 83,(1986),,SCALED,492.741,NAVD 88,,ADJUSTED,-31.923,GEOID18,492.421,979962.8,,,,,,,,1,2,,,,WV N,92350.,563550.,,,,,,,,A,1956,20110808,GOOD,GEOCAC,N,DD = SURVEY DISK,66 = SET IN ROCK OUTCROP,11 JEA 1617 1956
,20260103,http://www.ngs.noaa.gov/cgi-bin/ds_mark.prl?PidBox=HX2043,HX2043,11 JJ 3,,,,WV,KANAWHA,BELLE (2016),38 14 39.7    (N),081 33 13.3    (W),38.2443611111,-81.5536944444,,NAD 83,(1986),,HD_HELD2,186.032,NAVD 88,,ADJUSTED,-32.633,GEOID18,185.902,979925.2,,,,,,,,1,2,,,,WV S,138255.,551533.,,,,,,,,B,1956,20050320,GOOD,GEOCAC,,DD = SURVEY DISK,36 = SET IN A MASSIVE STRUCTURE,611 11 JJ S 1956
,20260103,http://www.ngs.noaa.gov/cgi-bin/ds_mark.prl?PidBox=JX0553,JX0553,1106,,,,WV,WETZEL,WILEYVILLE (2016),39 40 42.     (N),080 40 11.     (W),39.6783333333,-80.6697222222,,NAD 83,(1986),,SCALED,337.082,NAVD 88,,POSTED,-33.336,GEOID18,336.88,980029.8,,,,,,,,,,,,,WV N,131470.,499660.,,,,,,,,A,1903,1957,GOOD,CGS,,DB = BENCH MARK DISK,66 = SET IN ROCK OUTCROP,1106 GRAFTON
,20260103,http://www.ngs.noaa.gov/cgi-bin/ds_mark.prl?PidBox=JW0736,JW0736,1109,,,,WV,MINERAL,WESTERNPORT (2016),39 27 34.24   (N),079 06 25.24   (W),39.4595111111,-79.1070111111,,NAD 83,(1986),,HD_HELD1,338.101,NAVD 88,,ADJUSTED,-31.819,GEOID18,337.872,979941.7,,,,,,,,2,0,,,,WV N,106595.8,633820.0,,,,,,,,C,1919,20230613,SEE DESCRIPTION,PROFLN,,DB = BENCH MARK DISK,80 = SET IN A BOULDER,1109 1919
,20260103,http://www.ngs.noaa.gov/cgi-bin/ds_mark.prl?PidBox=GX1248,GX1248,1111,,,,WV,FAYETTE,THURMOND (2016),37 54 04.     (N),081 01 57.     (W),37.9011111111,-81.0325000000,,NAD 83,(1986),,SCALED,338.525,NAVD 88,,ADJUSTED,-31.193,GEOID18,338.257,979830.8,,,,,,,,1,2,,,,WV S,100010.,597140.,,,,,,,,B,1907,1980,POOR,LOCSUR,,DB = BENCH MARK DISK,38 = SET IN THE ABUTMENT OR PIER OF A LARGE BRIDGE,
,20260103,http://www.ngs.noaa.gov/cgi-bin/ds_mark.prl?PidBox=JX1781,JX1781,1121,,,,WV,TAYLOR,GRAFTON (2016),39 19 49.     (N),080 06 25.     (W),39.3302777778,-80.1069444444,,NAD 83,(1986),,SCALED,341.472,NAVD 88,,ADJUSTED,-32.306,GEOID18,341.258,979991.1,,,,,,,,1,2,,,,WV N,92350.,547670.,,,,,,,,C,1956,1983,GOOD,NGS,,DB = BENCH MARK DISK,7 = SET IN TOP OF CONCRETE MONUMENT,1121 60 SKS 1956
,20260103,http://www.ngs.noaa.gov/cgi-bin/ds_mark.prl?PidBox=JW0353,JW0353,1129,,,,WV,HAMPSHIRE,AUGUSTA (2016),39 18 51.     (N),078 41 16.     (W),39.3141666667,-78.6877777778,,NAD 83,(1986),,SCALED,344.302,NAVD 88,,ADJUSTED,-32.917,GEOID18,344.082,979980.5,,,,,,,,2,0,,,,WV N,90700.,670040.,,,,,,,,B,UNK,1934,GOOD,CGS,,Q = CHISELED SQUARE,36 = SET IN A MASSIVE STRUCTURE,
,20260103,http://www.ngs.noaa.gov/cgi-bin/ds_mark.prl?PidBox=JX0163,JX0163,1133,,,,WV,HARRISON,WOLF SUMMIT (2016),39 16 49.6    (N),080 27 34.7    (W),39.2804444444,-80.4596388889,,NAD 83,(1986),,HD_HELD2,345.695,NAVD 88,,POSTED,-32.726,GEOID18,345.48,979988.0,,,,,,,,,,,,,WV N,87085.,517204.,,,,,,,,B,1901,1983,MARK NOT FOUND,NGS,,DB = BENCH MARK DISK,36 = SET IN A MASSIVE STRUCTURE,1133 GRAFTON 1901
,20260103,http://www.ngs.noaa.gov/cgi-bin/ds_mark.prl?PidBox=JX0607,JX0607,1133,,,,WV,WETZEL,LITTLETON (2016),39 37 58.     (N),080 33 28.     (W),39.6327777778,-80.5577777778,,NAD 83,(1986),,SCALED,345.376,NAVD 88,,ADJUSTED,-33.168,GEOID18,345.174,980031.4,,,,,,,,2,0,,,,WV N,126290.,509200.,,,,,,,,A,1903,1957,GOOD,CGS,,DB = BENCH MARK DISK,66 = SET IN ROCK OUTCROP,1133 GRAFTON
,20260103,http://www.ngs.noaa.gov/cgi-bin/ds_mark.prl?PidBox=GX1639,GX1639,1134,,,,WV,MCDOWELL,DAVY (2016),37 28 05.     (N),081 42 07.     (W),37.4680555556,-81.7019444444,,NAD 83,(1986),,SCALED,345.548,NAVD 88,,ADJUSTED,-31.161,GEOID18,345.270,979815.6,,,,,,,,2,0,,,,WV S,52180.,537900.,,,,,,,,B,1909,1935,GOOD,CGS,,DB = BENCH MARK DISK,36 = SET IN A MASSIVE STRUCTURE,1134
,20260103,http://www.ngs.noaa.gov/cgi-bin/ds_mark.prl?PidBox=HX0153,HX0153,1134,,,,WV,LEWIS,WALKERSVILLE (2016),38 49 19.     (N),080 27 31.     (W),38.8219444444,-80.4586111111,,NAD 83,(1986),,SCALED,345.313,NAVD 88,,ADJUSTED,-32.009,GEOID18,345.078,979939.0,,,,,,,,2,0,,,,WV S,202360.,647020.,,,,,,,,A,1911,1962,GOOD,CGS,,DB = BENCH MARK DISK,66 = SET IN ROCK OUTCROP,1134 1911
,20260103,http://www.ngs.noaa.gov/cgi-bin/ds_mark.prl?PidBox=GX1245,GX1245,1137,,,,WV,FAYETTE,THURMOND (2016),37 53 15.     (N),081 03 48.     (W),37.8875000000,-81.0633333333,,NAD 83,(1986),,SCALED,346.400,NAVD 88,,ADJUSTED,-31.212,GEOID18,346.131,979843.5,,,,,,,,1,2,,,,WV S,98500.,594430.,,,,,,,,C,1907,1958,POOR,CGS,,DB = BENCH MARK DISK,80 = SET IN A BOULDER,
,20260103,http://www.ngs.noaa.gov/cgi-bin/ds_mark.prl?PidBox=JW0849,JW0849,1167,,,,WV,BARBOUR,NESTORVILLE (2016),39 12 50.     (N),079 56 36.     (W),39.2138888889,-79.9433333333,,NAD 83,(1986),,SCALED,355.556,NAVD 88,,ADJUSTED,-31.770,GEOID18,355.323,979963.1,,,,,,,,1,2,,,,WV N,79350.,561710.,,,,,,,,B,1905,1935,GOOD,CGS,,DB = BENCH MARK DISK,36 = SET IN A MASSIVE STRUCTURE,1167 ADJ 1903
,20260103,http://www.ngs.noaa.gov/cgi-bin/ds_mark.prl?PidBox=HX0544,HX0544,1171,,,,WV,POCAHONTAS,MARLINTON (2016),38 13 23.     (N),080 05 42.     (W),38.2230555556,-80.0950000000,,NAD 83,(1986),,SCALED,648.602,NAVD 88,,ADJUSTED,-30.889,GEOID18,648.083,979807.4,,,,,,,,1,2,,,,WV S,136130.,679240.,,,,,,,,C,UNK,1983,MARK NOT FOUND,NGS,,DD = SURVEY DISK,32 = SET IN A RETAINING WALL OR CONCRETE LEDGE,1171
,20260103,http://www.ngs.noaa.gov/cgi-bin/ds_mark.prl?PidBox=GX1632,GX1632,1178,,,,WV,MCDOWELL,DAVY (2016),37 28 23.     (N),081 40 06.     (W),37.4730555556,-81.6683333333,,NAD 83,(1986),,SCALED,358.880,NAVD 88,,ADJUSTED,-31.154,GEOID18,358.590,979811.9,,,,,,,,2,0,,,,WV S,52720.,540880.,,,,,,,,B,1909,1935,GOOD,CGS,,DB = BENCH MARK DISK,36 = SET IN A MASSIVE STRUCTURE,1178
,20260103,http://www.ngs.noaa.gov/cgi-bin/ds_mark.prl?PidBox=JX0496,JX0496,12,,,,WV,MARSHALL,BUSINESSBURG (2016),39 56 50.     (N),080 45 35.     (W),39.9472222222,-80.7597222222,,NAD 83,(1986),,SCALED,202.899,NAVD 88,,ADJUSTED,-33.790,GEOID18,202.786,980063.0,,,,,,,,2,0,,,,WV N,161420.,492350.,,,,,,,,,UNK,20161105,MARK NOT FOUND,GEOCAC,,,,
,20260103,http://www.ngs.noaa.gov/cgi-bin/ds_mark.prl?PidBox=GX1238,GX1238,1200 RESET,,,,WV,FAYETTE,PRINCE (2016),37 51 05.     (N),081 02 47.     (W),37.8513888889,-81.0463888889,,NAD 83,(1986),,SCALED,366.077,NAVD 88,,ADJUSTED,-31.172,GEOID18,365.788,979831.2,,,,,,,,1,2,,,,WV S,94500.,595920.,,,,,,,,B,1942,1961,GOOD,CGS,,DD = SURVEY DISK,38 = SET IN THE ABUTMENT OR PIER OF A LARGE BRIDGE,1200 RESET 1942
,20260103,http://www.ngs.noaa.gov/cgi-bin/ds_mark.prl?PidBox=HX1687,HX1687,1203,,,,WV,CALHOUN,MILLSTONE (2016),38 48 22.0    (N),081 03 40.6    (W),38.8061111111,-81.0612777778,,NAD 83,(1986),,HD_HELD2,366.787,NAVD 88,,ADJUSTED,-33.089,GEOID18,366.547,979964.3,,,,,,,,2,0,,,,WV S,200466.,594677.,,,,,,,,B,1903,20081123,GOOD,GEOCAC,N,DB = BENCH MARK DISK,36 = SET IN A MASSIVE STRUCTURE,1203 1903
,20260103,http://www.ngs.noaa.gov/cgi-bin/ds_mark.prl?PidBox=JW0740,JW0740,1218,,,,WV,MINERAL,WESTERNPORT (2016),39 25 54.75   (N),079 06 38.30   (W),39.4318750000,-79.1106388889,,NAD 83,(1986),,HD_HELD1,371.213,NAVD 88,,ADJUSTED,-31.795,GEOID18,370.958,979930.3,,,,,,,,2,0,,,,WV N,103526.4,633521.1,,,,,,,,B,1919,20230613,GOOD,PROFLN,,DB = BENCH MARK DISK,36 = SET IN A MASSIVE STRUCTURE,1218 1919
,20260103,http://www.ngs.noaa.gov/cgi-bin/ds_mark.prl?PidBox=HW1404,HW1404,122,,,,WV,PENDLETON,ONEGO (2016),38 50 11.     (N),079 23 22.     (W),38.8363888889,-79.3894444444,,NAD 83,(1986),,SCALED,498.890,NAVD 88,,ADJUSTED,-30.964,GEOID18,498.534,979899.4,,,,,,,,2,0,,,,WV S,205040.,739830.,,,,,,,,C,UNK,1934,GOOD,CGS,,Q = CHISELED SQUARE,32 = SET IN A RETAINING WALL OR CONCRETE LEDGE,
,20260103,http://www.ngs.noaa.gov/cgi-bin/ds_mark.prl?PidBox=HW1403,HW1403,123,,,,WV,PENDLETON,ONEGO (2016),38 50 16.     (N),079 23 42.     (W),38.8377777778,-79.3950000000,,NAD 83,(1986),,SCALED,536.99,NAVD 88,,VERTCON3,-30.943,GEOID18,,,,,,,,,,,,,,,WV S,205190.,739340.,,,,,,,,C,UNK,1934,GOOD,CGS,,Q = CHISELED SQUARE,32 = SET IN A RETAINING WALL OR CONCRETE LEDGE,
,20260103,http://www.ngs.noaa.gov/cgi-bin/ds_mark.prl?PidBox=HW1814,HW1814,1235,,,,WV,POCAHONTAS,MINNEHAHA SPRINGS (2016),38 10 42.     (N),079 59 55.     (W),38.1783333333,-79.9986111111,,NAD 83,(1986),,SCALED,691.219,NAVD 88,,ADJUSTED,-31.102,GEOID18,690.651,979784.4,,,,,,,,2,0,,,,WV S,131260.,687730.,,,,,,,,C,UNK,1934,GOOD,CGS,,DD = SURVEY DISK,32 = SET IN A RETAINING WALL OR CONCRETE LEDGE,1235
,20260103,http://www.ngs.noaa.gov/cgi-bin/ds_mark.prl?PidBox=HX0258,HX0258,1241,,,,WV,WEBSTER,DIANA (2016),38 34 28.     (N),080 27 10.     (W),38.5744444444,-80.4527777778,,NAD 83,(1986),,SCALED,378.177,NAVD 88,,ADJUSTED,-31.376,GEOID18,377.909,979907.9,,,,,,,,2,0,,,,WV S,174890.,647680.,,,,,,,,C,1913,1962,GOOD,CGS,,DB = BENCH MARK DISK,80 = SET IN A BOULDER,1241
,20260103,http://www.ngs.noaa.gov/cgi-bin/ds_mark.prl?PidBox=HW1436,HW1436,1246,,,,WV,PENDLETON,MOZER (2016),38 50 37.     (N),079 14 13.     (W),38.8436111111,-79.2369444444,,NAD 83,(1986),,SCALED,379.592,NAVD 88,,ADJUSTED,-31.437,GEOID18,379.331,979928.5,,,,,,,,2,0,,,,WV S,206080.,753050.,,,,,,,,A,1919,1934,GOOD,CGS,,DD = SURVEY DISK,66 = SET IN ROCK OUTCROP,W VA 1246
,20260103,http://www.ngs.noaa.gov/cgi-bin/ds_mark.prl?PidBox=GX2445,GX2445,1255,,,,WV,WYOMING,BAILEYSVILLE (2016),37 33 24.     (N),081 39 07.     (W),37.5566666667,-81.6519444444,,NAD 83,(1986),,SCALED,382.424,NAVD 88,,ADJUSTED,-31.245,GEOID18,382.121,979826.1,,,,,,,,2,0,,,,WV S,61990.,542400.,,,,,,,,A,1910,1958,GOOD,CGS,,DD = SURVEY DISK,66 = SET IN ROCK OUTCROP,1255
,20260103,http://www.ngs.noaa.gov/cgi-bin/ds_mark.prl?PidBox=HX1090,HX1090,1268,,,,WV,NICHOLAS,GILBOA (2016),38 17 13.6    (N),080 56 56.5    (W),38.2871111111,-80.9490277778,,NAD 83,(1986),,HD_HELD2,386.394,NAVD 88,,ADJUSTED,-31.692,GEOID18,386.114,979893.0,,,,,,,,2,0,,,,WV S,142856.,604459.,,,,,,,,A,1898,20070328,GOOD,GEOCAC,N,DB = BENCH MARK DISK,66 = SET IN ROCK OUTCROP,1267 KNWA
,20260103,http://www.ngs.noaa.gov/cgi-bin/ds_mark.prl?PidBox=GX0750,GX0750,1269,,,,WV,SUMMERS,MEADOW CREEK (2016),37 48 41.     (N),080 55 30.     (W),37.8113888889,-80.9250000000,,NAD 83,(1986),,SCALED,387.265,NAVD 88,,ADJUSTED,-31.181,GEOID18,386.949,979801.4,,,,,,,,1,2,,,,WV S,90060.,606600.,,,,,,,,B,1907,20150822,MARK NOT FOUND,GEOCAC,,DB = BENCH MARK DISK,36 = SET IN A MASSIVE STRUCTURE,1269
,20260103,http://www.ngs.noaa.gov/cgi-bin/ds_mark.prl?PidBox=JW0852,JW0852,1275,,,,WV,BARBOUR,NESTORVILLE (2016),39 12 29.13   (N),079 59 40.02   (W),39.2080916667,-79.9944500000,,NAD 83,(1986),,HD_HELD1,388.478,NAVD 88,,ADJUSTED,-31.870,GEOID18,388.224,979962.1,,,,,,,,1,2,,,,WV N,78727.6,557294.9,,,,,,,,C,1909,20111023,GOOD,GEOCAC,,DB = BENCH MARK DISK,80 = SET IN A BOULDER,1275 1909
,20260103,http://www.ngs.noaa.gov/cgi-bin/ds_mark.prl?PidBox=JX0461,JX0461,128 A,,,,WV,WETZEL,NEW MARTINSVILLE (2016),39 38 25.     (N),080 51 57.     (W),39.6402777778,-80.8658333333,,NAD 83,(1986),,SCALED,191.532,NAVD 88,,ADJUSTED,-33.580,GEOID18,191.423,980053.3,,,,,,,,2,0,,,,WV N,127480.,482770.,,,,,,,,B,UNK,1983,MARK NOT FOUND,NGS,,Q = CHISELED SQUARE,36 = SET IN A MASSIVE STRUCTURE,
,20260103,http://www.ngs.noaa.gov/cgi-bin/ds_mark.prl?PidBox=GX1655,GX1655,1281,,,,WV,MCDOWELL,WELCH (2016),37 26 49.     (N),081 36 04.     (W),37.4469444444,-81.6011111111,,NAD 83,(1986),,SCALED,390.483,NAVD 88,,ADJUSTED,-31.123,GEOID18,390.163,979799.5,,,,,,,,2,0,,,,WV S,49780.,546810.,,,,,,,,B,1909,1958,GOOD,CGS,,DB = BENCH MARK DISK,36 = SET IN A MASSIVE STRUCTURE,1281
,20260103,http://www.ngs.noaa.gov/cgi-bin/ds_mark.prl?PidBox=HW1401,HW1401,129,,,,WV,PENDLETON,ONEGO (2016),38 50 29.6    (N),079 24 54.2    (W),38.8415555556,-79.4150555556,,NAD 83,(1986),,HD_HELD2,523.53,NAVD 88,,VERTCON3,-30.888,GEOID18,,,,,,,,,,,,,,,WV S,205576.,737596.,,,,,,,,B,UNK,1934,GOOD,CGS,,Q = CHISELED SQUARE,36 = SET IN A MASSIVE STRUCTURE,
,20260103,http://www.ngs.noaa.gov/cgi-bin/ds_mark.prl?PidBox=JW0742,JW0742,1299,,,,WV,MINERAL,KITZMILLER (2016),39 25 01.93   (N),079 07 55.04   (W),39.4172027778,-79.1319555556,,NAD 83,(1986),,HD_HELD1,395.988,NAVD 88,,ADJUSTED,-31.725,GEOID18,395.715,979929.0,,,,,,,,2,0,,,,WV N,101889.8,631692.5,,,,,,,,B,1919,20230613,MARK NOT FOUND,PROFLN,,DB = BENCH MARK DISK,36 = SET IN A MASSIVE STRUCTURE,1299 1919
,20260103,http://www.ngs.noaa.gov/cgi-bin/ds_mark.prl?PidBox=AA9351,AA9351,12V A,,,PACS,WV,CABELL,MILTON (2016),38 26 24.72401(N),082 12 05.82719(W),38.4402011139,-82.2016186639,139.674,NAD 83,(2011),2010.00,ADJUSTED,173.00,NAVD 88,,GPS OBS,-33.301,GEOID18,,,0.40,0.69,0.17,0.16,0.35,0.02736167,,,,678751.118,-4956045.301,3943919.122,WV S,160527.156,495102.568,-0 44 34.2,0.99991370,17,4255341.786,395133.073,-0 44 49.6,0.99973543,B,1995,20230521,GOOD,INDIV,Y,F = FLANGE-ENCASED ROD,59 = STAINLESS STEEL ROD IN SLEEVE (10 FT.+),12V A 1995
,20260103,http://www.ngs.noaa.gov/cgi-bin/ds_mark.prl?PidBox=AE1981,AE1981,12V B,,,SACS,WV,CABELL,MILTON (2016),38 26 33.25651(N),082 11 47.09134(W),38.4425712528,-82.1964142611,139.974,NAD 83,(2011),2010.00,ADJUSTED,173.33,NAVD 88,,GPS OBS,-33.304,GEOID18,,,0.93,1.18,0.42,0.33,0.60,-0.01013122,,,,679179.115,-4955821.800,3944125.382,WV S,160784.337,495560.267,-0 44 22.6,0.99991383,17,4255598.881,395590.699,-0 44 38.1,0.99973425,D,1995,20230521,GOOD,INDIV,Y,DD = SURVEY DISK,17 = SET INTO TOP OF METAL PIPE DRIVEN INTO GROUND,12V B 1995
,20260103,http://www.ngs.noaa.gov/cgi-bin/ds_mark.prl?PidBox=AE1982,AE1982,12V C,,,SACS,WV,CABELL,MILTON (2016),38 26 19.26556(N),082 12 18.11003(W),38.4386848778,-82.2050305639,138.688,NAD 83,(2011),2010.00,ADJUSTED,172.04,NAVD 88,,GPS OBS,-33.298,GEOID18,,,0.91,1.18,0.42,0.31,0.60,0.07040183,,,,678470.077,-4956188.618,3943786.675,WV S,160362.739,494802.549,-0 44 41.8,0.99991373,17,4255177.424,394833.102,-0 44 57.1,0.99973620,D,1995,20090927,GOOD,GEOCAC,Y,DD = SURVEY DISK,17 = SET INTO TOP OF METAL PIPE DRIVEN INTO GROUND,12V C 1995
,20260103,http://www.ngs.noaa.gov/cgi-bin/ds_mark.prl?PidBox=JX1853,JX1853,13,,,,WV,MARION,RIVESVILLE (2016),39 34 12.66217(N),080 06 19.11326(W),39.5701839361,-80.1053092389,,NAD 83,(1995),,ADJUSTED,381.,NAVD 88,,SCALED,-32.662,GEOID18,,,,,,,,,2,,,,,,WV N,118983.862,547991.136,-0 23 09.8,0.99988659,17,4380435.844,576847.802,+0 34 11.9,0.99967271,D,1934,20090818,GOOD,GEOCAC,N,DD = SURVEY DISK,9 = POST (STONE OR PRECAST CONCRETE),
,20260103,http://www.ngs.noaa.gov/cgi-bin/ds_mark.prl?PidBox=HX1958,HX1958,1306,,,,WV,NICHOLAS,ANSTED (2016),38 13 34.9    (N),081 00 23.7    (W),38.2263611111,-81.0065833333,,NAD 83,(1986),,HD_HELD2,397.743,NAVD 88,,ADJUSTED,-31.725,GEOID18,397.450,979882.5,,,,,,,,2,0,,,,WV S,136112.,599424.,,,,,,,,A,1898,20070328,GOOD,GEOCAC,Y,DB = BENCH MARK DISK,66 = SET IN ROCK OUTCROP,1306
,20260103,http://www.ngs.noaa.gov/cgi-bin/ds_mark.prl?PidBox=JX0220,JX0220,1307.61,,,,WV,BARBOUR,PHILIPPI (2016),39 09 11.     (N),080 02 34.     (W),39.1530555556,-80.0427777778,,NAD 83,(1986),,SCALED,398.636,NAVD 88,,ADJUSTED,-31.865,GEOID18,398.375,979962.0,,,,,,,,1,2,,,,WV N,72640.,553080.,,,,,,,,B,1901,1983,MARK NOT FOUND,NGS,,Q = CHISELED SQUARE,36 = SET IN A MASSIVE STRUCTURE,
,20260103,http://www.ngs.noaa.gov/cgi-bin/ds_mark.prl?PidBox=JW0365,JW0365,1312.6,,,,WV,HARDY,BAKER (2016),39 02 29.     (N),078 44 48.     (W),39.0413888889,-78.7466666667,,NAD 83,(1986),,SCALED,400.169,NAVD 88,,ADJUSTED,-32.562,GEOID18,399.899,979942.4,,,,,,,,2,0,,,,WV N,60380.,665220.,,,,,,,,B,1921,1962,GOOD,CGS,,Q = CHISELED SQUARE,36 = SET IN A MASSIVE STRUCTURE,
,20260103,http://www.ngs.noaa.gov/cgi-bin/ds_mark.prl?PidBox=HW1399,HW1399,132,,,,WV,PENDLETON,ONEGO (2016),38 51 05.     (N),079 25 31.     (W),38.8513888889,-79.4252777778,,NAD 83,(1986),,SCALED,543.73,NAVD 88,,VERTCON3,-30.847,GEOID18,,,,,,,,,,,,,,,WV S,206650.,736690.,,,,,,,,C,UNK,1934,GOOD,CGS,,Q = CHISELED SQUARE,32 = SET IN A RETAINING WALL OR CONCRETE LEDGE,
,20260103,http://www.ngs.noaa.gov/cgi-bin/ds_mark.prl?PidBox=GX2194,GX2194,1331,,,,WV,WYOMING,MATHENY (2016),37 40 32.     (N),081 36 06.     (W),37.6755555556,-81.6016666667,,NAD 83,(1986),,SCALED,405.460,NAVD 88,,ADJUSTED,-31.280,GEOID18,405.136,979820.7,,,,,,,,2,0,,,,WV S,75150.,546920.,,,,,,,,C,1910,1935,GOOD,CGS,,DD = SURVEY DISK,80 = SET IN A BOULDER,1331
,20260103,http://www.ngs.noaa.gov/cgi-bin/ds_mark.prl?PidBox=JX0226,JX0226,1334,,,,WV,BARBOUR,AUDRA (2016),39 05 47.     (N),080 04 34.     (W),39.0963888889,-80.0761111111,,NAD 83,(1986),,SCALED,406.374,NAVD 88,,ADJUSTED,-31.807,GEOID18,406.100,979941.3,,,,,,,,1,2,,,,WV N,66370.,550160.,,,,,,,,A,1901,20030503,GOOD,INDIV,N,DB = BENCH MARK DISK,66 = SET IN ROCK OUTCROP,1334 GRAFTON
,20260103,http://www.ngs.noaa.gov/cgi-bin/ds_mark.prl?PidBox=GX0733,GX0733,1350,,,,WV,SUMMERS,HINTON (2016),37 42 30.     (N),080 53 15.     (W),37.7083333333,-80.8875000000,,NAD 83,(1986),,SCALED,411.389,NAVD 88,,ADJUSTED,-31.229,GEOID18,411.057,979812.5,,,,,,,,2,0,,,,WV S,78620.,609920.,,,,,,,,B,1909,1935,GOOD,CGS,,DB = BENCH MARK DISK,36 = SET IN A MASSIVE STRUCTURE,1350
,20260103,http://www.ngs.noaa.gov/cgi-bin/ds_mark.prl?PidBox=GX0734,GX0734,1350 RESET,,,,WV,SUMMERS,HINTON (2016),37 42 30.     (N),080 53 15.     (W),37.7083333333,-80.8875000000,,NAD 83,(1986),,SCALED,411.476,NAVD 88,,ADJUSTED,-31.229,GEOID18,411.144,979812.5,,,,,,,,1,2,,,,WV S,78620.,609920.,,,,,,,,B,1952,20150822,MARK NOT FOUND,GEOCAC,,DD = SURVEY DISK,36 = SET IN A MASSIVE STRUCTURE,1350 RESET 1952
,20260103,http://www.ngs.noaa.gov/cgi-bin/ds_mark.prl?PidBox=HX1587,HX1587,1373,,,,WV,WEBSTER,ERBACON (2016),38 33 06.     (N),080 34 23.     (W),38.5516666667,-80.5730555556,,NAD 83,(1986),,SCALED,418.499,NAVD 88,,ADJUSTED,-31.546,GEOID18,418.200,979902.4,,,,,,,,2,0,,,,WV S,172310.,637220.,,,,,,,,C,1908,1962,POOR,CGS,,DB = BENCH MARK DISK,32 = SET IN A RETAINING WALL OR CONCRETE LEDGE,1373
,20260103,http://www.ngs.noaa.gov/cgi-bin/ds_mark.prl?PidBox=JX0743,JX0743,1377,,,,WV,MARSHALL,MOUNDSVILLE (2016),39 56 05.     (N),080 38 41.     (W),39.9347222222,-80.6447222222,,NAD 83,(1986),,SCALED,419.706,NAVD 88,,ADJUSTED,-33.678,GEOID18,419.460,980027.4,,,,,,,,2,0,,,,WV N,159900.,502160.,,,,,,,,B,1902,20170102,MARK NOT FOUND,GEOCAC,,DB = BENCH MARK DISK,36 = SET IN A MASSIVE STRUCTURE,1377 GRAFTON
,20260103,http://www.ngs.noaa.gov/cgi-bin/ds_mark.prl?PidBox=GX0728,GX0728,1386,,,,WV,SUMMERS,HINTON (2016),37 40 29.     (N),080 53 33.     (W),37.6747222222,-80.8925000000,,NAD 83,(1986),,SCALED,422.240,NAVD 88,,ADJUSTED,-31.254,GEOID18,421.896,979804.4,,,,,,,,1,2,,,,WV S,74890.,609480.,,,,,,,,B,1909,20051009,MARK NOT FOUND,GEOCAC,,DB = BENCH MARK DISK,36 = SET IN A MASSIVE STRUCTURE,1386
,20260103,http://www.ngs.noaa.gov/cgi-bin/ds_mark.prl?PidBox=HY0631,HY0631,139 JJS,,,,WV,CABELL,MILTON (2016),38 27 35.     (N),082 12 35.     (W),38.4597222222,-82.2097222222,,NAD 83,(1986),,SCALED,215.220,NAVD 88,,ADJUSTED,-33.302,GEOID18,215.075,979952.7,,,,,,,,2,0,,,,WV S,162700.,494420.,,,,,,,,C,1956,20071104,GOOD,GEOCAC,Y,DD = SURVEY DISK,7 = SET IN TOP OF CONCRETE MONUMENT,707 139 JJS 1956
,20260103,http://www.ngs.noaa.gov/cgi-bin/ds_mark.prl?PidBox=GX1128,GX1128,1396,,,,WV,WYOMING,MULLENS (2016),37 33 36.     (N),081 24 27.     (W),37.5600000000,-81.4075000000,,NAD 83,(1986),,SCALED,425.352,NAVD 88,,ADJUSTED,-31.100,GEOID18,425.004,979798.9,,,,,,,,2,0,,,,WV S,62230.,564000.,,,,,,,,B,1910,1963,GOOD,NWRR,,DD = SURVEY DISK,36 = SET IN A MASSIVE STRUCTURE,1396
,20260103,http://www.ngs.noaa.gov/cgi-bin/ds_mark.prl?PidBox=JX1850,JX1850,14,,,,WV,MONONGALIA,RIVESVILLE (2016),39 34 38.75462(N),080 05 48.74253(W),39.5774318389,-80.0968729250,,NAD 83,(1995),,ADJUSTED,295.,NAVD 88,,SCALED,-32.664,GEOID18,,,,,,,,,2,,,,,,WV N,119783.656,548721.329,-0 22 50.4,0.99989997,17,4381247.493,577564.356,+0 34 31.5,0.99967407,D,1934,1941,GOOD,CGS,,DD = SURVEY DISK,9 = POST (STONE OR PRECAST CONCRETE),
,20260103,http://www.ngs.noaa.gov/cgi-bin/ds_mark.prl?PidBox=HX2126,HX2126,14 RESET,,,,WV,KANAWHA,SAINT ALBANS (2016),38 22 38.     (N),081 48 24.     (W),38.3772222222,-81.8066666667,,NAD 83,(1986),,SCALED,182.43,NAVD 88,,VERTCON3,-33.250,GEOID18,,,,,,,,,,,,,,,WV S,153160.,529520.,,,,,,,,D,1954,20050305,GOOD,GEOCAC,N,DD = SURVEY DISK,31 = SET IN A PAVEMENT SUCH AS STREET SIDEWALK CURB ETC.,14 RESET 1954
,20260103,http://www.ngs.noaa.gov/cgi-bin/ds_mark.prl?PidBox=HY0519,HY0519,140 JJS,,,,WV,LINCOLN,BRANCHLAND (2016),38 13 19.     (N),082 12 02.     (W),38.2219444444,-82.2005555556,,NAD 83,(1986),,SCALED,183.184,NAVD 88,,ADJUSTED,-33.028,GEOID18,183.054,979916.2,,,,,,,,2,0,,,,WV S,136300.,494880.,,,,,,,,D,1956,20090331,GOOD,GEOCAC,N,DB = BENCH MARK DISK,9 = POST (STONE OR PRECAST CONCRETE),602 140JJS 1956
,20260103,http://www.ngs.noaa.gov/cgi-bin/ds_mark.prl?PidBox=HX1967,HX1967,1427,,,,WV,FAYETTE,ANSTED (2016),38 10 38.     (N),081 01 45.     (W),38.1772222222,-81.0291666667,,NAD 83,(1986),,SCALED,434.767,NAVD 88,,ADJUSTED,-31.661,GEOID18,434.442,979868.9,,,,,,,,2,0,,,,WV S,130660.,597450.,,,,,,,,A,1898,1961,POOR,CGS,,DD = SURVEY DISK,66 = SET IN ROCK OUTCROP,1427
,20260103,http://www.ngs.noaa.gov/cgi-bin/ds_mark.prl?PidBox=JX0755,JX0755,1464,,,,WV,MARSHALL,CAMERON (2016),39 52 14.6    (N),080 31 55.6    (W),39.8707222222,-80.5321111111,,NAD 83,(1986),,HD_HELD2,446.278,NAVD 88,,ADJUSTED,-33.450,GEOID18,446.021,980036.6,,,,,,,,2,0,,,,WV N,152683.,511704.,,,,,,,,B,1902,20170114,GOOD,GEOCAC,,DB = BENCH MARK DISK,36 = SET IN A MASSIVE STRUCTURE,1464 GRAFTON
,20260103,http://www.ngs.noaa.gov/cgi-bin/ds_mark.prl?PidBox=GX1136,GX1136,1474,,,,WV,WYOMING,RHODELL (2016),37 34 59.     (N),081 21 21.     (W),37.5830555556,-81.3558333333,,NAD 83,(1986),,SCALED,449.367,NAVD 88,,ADJUSTED,-31.083,GEOID18,448.998,979794.3,,,,,,,,2,0,,,,WV S,64770.,568570.,,,,,,,,B,1910,1980,GOOD,LOCSUR,,DD = SURVEY DISK,36 = SET IN A MASSIVE STRUCTURE,1474
,20260103,http://www.ngs.noaa.gov/cgi-bin/ds_mark.prl?PidBox=JW0746,JW0746,1477,,,,WV,MINERAL,KITZMILLER (2016),39 24 22.96   (N),079 09 47.63   (W),39.4063777778,-79.1632305556,,NAD 83,(1986),,HD_HELD1,450.299,NAVD 88,,ADJUSTED,-31.617,GEOID18,449.994,979936.4,,,,,,,,2,0,,,,WV N,100677.5,629003.9,,,,,,,,B,1919,20230613,SEE DESCRIPTION,PROFLN,,DB = BENCH MARK DISK,36 = SET IN A MASSIVE STRUCTURE,1477 1919
,20260103,http://www.ngs.noaa.gov/cgi-bin/ds_mark.prl?PidBox=HX0376,HX0376,1484,,,,WV,UPSHUR,BUCKHANNON (2016),38 53 55.1    (N),080 12 17.9    (W),38.8986388889,-80.2049722222,,NAD 83,(1986),,HD_HELD2,452.211,NAVD 88,,ADJUSTED,-31.584,GEOID18,451.903,979932.4,,,,,,,,2,0,,,,WV S,211032.,668968.,,,,,,,,A,1911,1962,GOOD,CGS,,DD = SURVEY DISK,66 = SET IN ROCK OUTCROP,1484 1911
,20260103,http://www.ngs.noaa.gov/cgi-bin/ds_mark.prl?PidBox=HW1433,HW1433,1485,,,,WV,PENDLETON,UPPER TRACT (2016),38 47 07.     (N),079 17 07.     (W),38.7852777778,-79.2852777778,,NAD 83,(1986),,SCALED,455.516,NAVD 88,,ADJUSTED,-31.266,GEOID18,455.194,979906.6,,,,,,,,2,0,,,,WV S,199530.,748980.,,,,,,,,C,UNK,20110702,MARK NOT FOUND,GEOCAC,,DD = SURVEY DISK,80 = SET IN A BOULDER,1495
,20260103,http://www.ngs.noaa.gov/cgi-bin/ds_mark.prl?PidBox=HW1416,HW1416,15,,,,WV,PENDLETON,CIRCLEVILLE (2016),38 41 54.     (N),079 24 08.     (W),38.6983333333,-79.4022222222,,NAD 83,(1986),,SCALED,1029.411,NAVD 88,,ADJUSTED,-30.867,GEOID18,1028.677,979877.2,,,,,,,,2,0,,,,WV S,189700.,738980.,,,,,,,,C,UNK,1954,MARK NOT FOUND,USACE,,Q = CHISELED SQUARE,32 = SET IN A RETAINING WALL OR CONCRETE LEDGE,
,20260103,http://www.ngs.noaa.gov/cgi-bin/ds_mark.prl?PidBox=JX0056,JX0056,150,,,,WV,MARION,MANNINGTON (2016),39 35 08.     (N),080 22 11.     (W),39.5855555556,-80.3697222222,,NAD 83,(1986),,SCALED,305.82,NAVD 88,,VERTCON3,-32.900,GEOID18,,,,,,,,,,,,,,,WV N,120880.,525290.,,,,,,,,B,1904,1934,GOOD,CGS,,B = BOLT,36 = SET IN A MASSIVE STRUCTURE,
,20260103,http://www.ngs.noaa.gov/cgi-bin/ds_mark.prl?PidBox=GX0710,GX0710,1501,,,,WV,SUMMERS,TALCOTT (2016),37 38 54.     (N),080 45 06.     (W),37.6483333333,-80.7516666667,,NAD 83,(1986),,SCALED,457.560,NAVD 88,,ADJUSTED,-31.410,GEOID18,457.185,979795.8,,,,,,,,1,2,,,,WV S,71990.,621920.,,,,,,,,B,1912,1984,GOOD,NGS,,DD = SURVEY DISK,36 = SET IN A MASSIVE STRUCTURE,1501 B4 1912
,20260103,http://www.ngs.noaa.gov/cgi-bin/ds_mark.prl?PidBox=GX0714,GX0714,1509,,,,WV,SUMMERS,TALCOTT (2016),37 38 35.     (N),080 47 30.     (W),37.6430555556,-80.7916666667,,NAD 83,(1986),,SCALED,459.748,NAVD 88,,ADJUSTED,-31.370,GEOID18,459.367,979786.6,,,,,,,,1,2,,,,WV S,71390.,618390.,,,,,,,,D,1907,1984,MARK NOT FOUND,NGS,,DB = BENCH MARK DISK,31 = SET IN A PAVEMENT SUCH AS STREET SIDEWALK CURB ETC.,1509
,20260103,http://www.ngs.noaa.gov/cgi-bin/ds_mark.prl?PidBox=HX0527,HX0527,1509,,,,WV,WEBSTER,WEBSTER SPRINGS (2016),38 28 37.     (N),080 24 40.     (W),38.4769444444,-80.4111111111,,NAD 83,(1986),,SCALED,459.916,NAVD 88,,ADJUSTED,-31.021,GEOID18,459.577,979877.8,,,,,,,,2,0,,,,WV S,164090.,651380.,,,,,,,,D,1913,1962,GOOD,CGS,,DB = BENCH MARK DISK,31 = SET IN A PAVEMENT SUCH AS STREET SIDEWALK CURB ETC.,1509
,20260103,http://www.ngs.noaa.gov/cgi-bin/ds_mark.prl?PidBox=HX1592,HX1592,1518,,,,WV,WEBSTER,ERBACON (2016),38 31 08.     (N),080 35 20.     (W),38.5188888889,-80.5888888889,,NAD 83,(1986),,SCALED,462.655,NAVD 88,,ADJUSTED,-31.462,GEOID18,462.321,979893.5,,,,,,,,2,0,,,,WV S,168660.,635850.,,,,,,,,B,1908,1962,GOOD,CGS,,DB = BENCH MARK DISK,36 = SET IN A MASSIVE STRUCTURE,1518
,20260103,http://www.ngs.noaa.gov/cgi-bin/ds_mark.prl?PidBox=HX0523,HX0523,1519.94,,,,WV,WEBSTER,WEBSTER SPRINGS (2016),38 28 45.     (N),080 25 09.     (W),38.4791666667,-80.4191666667,,NAD 83,(1986),,SCALED,463.380,NAVD 88,,ADJUSTED,-31.045,GEOID18,463.033,979865.2,,,,,,,,2,0,,,,WV S,164330.,650680.,,,,,,,,B,UNK,1962,MARK NOT FOUND,CGS,,Q = CHISELED SQUARE,65 = SET IN UNSPECIFIED ROCK OR BOULDER,
,20260103,http://www.ngs.noaa.gov/cgi-bin/ds_mark.prl?PidBox=HX0122,HX0122,1523,,,,WV,UPSHUR,ADRIAN (2016),38 55 10.     (N),080 19 29.     (W),38.9194444444,-80.3247222222,,NAD 83,(1986),,SCALED,464.108,NAVD 88,,ADJUSTED,-31.933,GEOID18,463.796,979940.0,,,,,,,,2,0,,,,WV S,213260.,658560.,,,,,,,,B,1911,1962,GOOD,CGS,,DD = SURVEY DISK,39 = SET IN A TUNNEL,1523 1911
,20260103,http://www.ngs.noaa.gov/cgi-bin/ds_mark.prl?PidBox=GX0696,GX0696,1525,,,,WV,SUMMERS,ALDERSON (2016),37 40 34.     (N),080 42 01.     (W),37.6761111111,-80.7002777778,,NAD 83,(1986),,SCALED,464.608,NAVD 88,,ADJUSTED,-31.428,GEOID18,464.222,979785.1,,,,,,,,1,2,,,,WV S,75080.,626440.,,,,,,,,A,1907,1984,MARK NOT FOUND,NGS,,DB = BENCH MARK DISK,66 = SET IN ROCK OUTCROP,1525
,20260103,http://www.ngs.noaa.gov/cgi-bin/ds_mark.prl?PidBox=GX0705,GX0705,1531,,,,WV,SUMMERS,ALDERSON (2016),37 40 26.     (N),080 44 01.     (W),37.6738888889,-80.7336111111,,NAD 83,(1986),,SCALED,466.549,NAVD 88,,ADJUSTED,-31.405,GEOID18,466.159,979780.0,,,,,,,,1,2,,,,WV S,74830.,623500.,,,,,,,,C,1907,1984,MARK NOT FOUND,NGS,,DB = BENCH MARK DISK,35 = SET IN A MAT FOUNDATION OR CONCRETE SLAB OTHER THAN PAVEMENT,1531
,20260103,http://www.ngs.noaa.gov/cgi-bin/ds_mark.prl?PidBox=GX1417,GX1417,154 WSM,,,,WV,MERCER,BLUEFIELD (2016),37 16 48.     (N),081 11 14.     (W),37.2800000000,-81.1872222222,,NAD 83,(1986),,SCALED,739.850,NAVD 88,,ADJUSTED,-30.857,GEOID18,739.185,979707.0,,,,,,,,1,2,,,,WV S,31090.,583400.,,,,,,,,C,1957,1984,MARK NOT FOUND,NGS,,DD = SURVEY DISK,35 = SET IN A MAT FOUNDATION OR CONCRETE SLAB OTHER THAN PAVEMENT,2428 154 WSM 1957
,20260103,http://www.ngs.noaa.gov/cgi-bin/ds_mark.prl?PidBox=HX0266,HX0266,1544,,,,WV,WEBSTER,DIANA (2016),38 34 08.     (N),080 24 04.     (W),38.5688888889,-80.4011111111,,NAD 83,(1986),,SCALED,470.635,NAVD 88,,ADJUSTED,-31.225,GEOID18,470.283,979867.1,,,,,,,,2,0,,,,WV S,174300.,652190.,,,,,,,,C,1913,1962,GOOD,CGS,,DB = BENCH MARK DISK,80 = SET IN A BOULDER,1544
,20260103,http://www.ngs.noaa.gov/cgi-bin/ds_mark.prl?PidBox=GX0687,GX0687,1556,,,,WV,MONROE,ALDERSON (2016),37 43 26.5    (N),080 38 34.6    (W),37.7240277778,-80.6429444444,,NAD 83,(1986),,HD_HELD2,473.999,NAVD 88,,ADJUSTED,-31.430,GEOID18,473.613,979801.9,,,,,,,,1,2,,,,WV S,80419.,631477.,,,,,,,,B,1907,20110827,GOOD,GEOCAC,N,DB = BENCH MARK DISK,36 = SET IN A MASSIVE STRUCTURE,1556
,20260103,http://www.ngs.noaa.gov/cgi-bin/ds_mark.prl?PidBox=HW1405,HW1405,1567,,,,WV,PENDLETON,ONEGO (2016),38 50 06.     (N),079 22 33.     (W),38.8350000000,-79.3758333333,,NAD 83,(1986),,SCALED,477.565,NAVD 88,,ADJUSTED,-31.006,GEOID18,477.227,979906.7,,,,,,,,2,0,,,,WV S,204910.,741010.,,,,,,,,C,UNK,1934,GOOD,CGS,,DD = SURVEY DISK,80 = SET IN A BOULDER,1567
,20260103,http://www.ngs.noaa.gov/cgi-bin/ds_mark.prl?PidBox=HX0995,HX0995,1573,,,,WV,WEBSTER,COWEN (2016),38 29 30.     (N),080 34 23.     (W),38.4916666667,-80.5730555556,,NAD 83,(1986),,SCALED,479.329,NAVD 88,,ADJUSTED,-31.349,GEOID18,478.976,979877.4,,,,,,,,2,0,,,,WV S,165650.,637250.,,,,,,,,B,UNK,1962,GOOD,CGS,,DB = BENCH MARK DISK,36 = SET IN A MASSIVE STRUCTURE,1573
,20260103,http://www.ngs.noaa.gov/cgi-bin/ds_mark.prl?PidBox=GX1337,GX1337,1577,,,,WV,MCDOWELL,ANAWALT (2016),37 21 02.     (N),081 27 44.     (W),37.3505555556,-81.4622222222,,NAD 83,(1986),,SCALED,480.677,NAVD 88,,ADJUSTED,-30.987,GEOID18,480.262,979754.1,,,,,,,,2,0,,,,WV S,39010.,559050.,,,,,,,,B,1909,1958,GOOD,CGS,,DB = BENCH MARK DISK,36 = SET IN A MASSIVE STRUCTURE,1577
,20260103,http://www.ngs.noaa.gov/cgi-bin/ds_mark.prl?PidBox=HY0612,HY0612,158 JJS,,,,WV,LINCOLN,WEST HAMLIN (2016),38 16 49.     (N),082 09 10.     (W),38.2802777778,-82.1527777778,,NAD 83,(1986),,SCALED,289.996,NAVD 88,,ADJUSTED,-33.122,GEOID18,289.794,979924.6,,,,,,,,2,0,,,,WV S,142720.,499150.,,,,,,,,D,1956,1957,GOOD,CGS,,DB = BENCH MARK DISK,9 = POST (STONE OR PRECAST CONCRETE),158 JJS 952 1956
,20260103,http://www.ngs.noaa.gov/cgi-bin/ds_mark.prl?PidBox=GX2003,GX2003,1584,,,,WV,MCDOWELL,AMONATE (2019),37 14 14.     (N),081 38 19.     (W),37.2372222222,-81.6386111111,,NAD 83,(1986),,SCALED,482.496,NAVD 88,,ADJUSTED,-30.886,GEOID18,482.083,979761.0,,,,,,,,2,0,,,,WV S,26530.,543330.,,,,,,,,B,1915,1958,GOOD,CGS,,DB = BENCH MARK DISK,36 = SET IN A MASSIVE STRUCTURE,1584
,20260103,http://www.ngs.noaa.gov/cgi-bin/ds_mark.prl?PidBox=HY0598,HY0598,159 JJS,,,,WV,LINCOLN,HAMLIN (2016),38 16 43.     (N),082 07 27.     (W),38.2786111111,-82.1241666667,,NAD 83,(1986),,SCALED,195.715,NAVD 88,,ADJUSTED,-33.125,GEOID18,195.578,979923.8,,,,,,,,2,0,,,,WV S,142510.,501650.,,,,,,,,D,1956,1957,GOOD,CGS,,DB = BENCH MARK DISK,9 = POST (STONE OR PRECAST CONCRETE),643 159 JJS 1956
,20260103,http://www.ngs.noaa.gov/cgi-bin/ds_mark.prl?PidBox=HX2127,HX2127,16,,,,WV,KANAWHA,SAINT ALBANS (2016),38 23 10.     (N),081 49 51.     (W),38.3861111111,-81.8308333333,,NAD 83,(1986),,SCALED,181.687,NAVD 88,,ADJUSTED,-33.276,GEOID18,181.561,979933.9,,,,,,,,2,0,,,,WV S,154170.,527420.,,,,,,,,D,1934,1976,MARK NOT FOUND,NGS,,DD = SURVEY DISK,9 = POST (STONE OR PRECAST CONCRETE),16
,20260103,http://www.ngs.noaa.gov/cgi-bin/ds_mark.prl?PidBox=JW0748,JW0748,1604,,,,WV,MINERAL,KITZMILLER (2016),39 23 19.44   (N),079 10 37.43   (W),39.3887333333,-79.1770638889,,NAD 83,(1986),,HD_HELD1,488.946,NAVD 88,,ADJUSTED,-31.562,GEOID18,488.621,979947.8,,,,,,,,2,0,,,,WV N,98714.3,627819.6,,,,,,,,C,1919,20230521,MARK NOT FOUND,PROFLN,,DB = BENCH MARK DISK,80 = SET IN A BOULDER,1604 1919
,20260103,http://www.ngs.noaa.gov/cgi-bin/ds_mark.prl?PidBox=GX0406,GX0406,1612 USGS,,,,WV,MONROE,PETERSTOWN (2016),37 23 51.     (N),080 48 02.     (W),37.3975000000,-80.8005555556,,NAD 83,(1986),,SCALED,491.258,NAVD 88,,ADJUSTED,-31.368,GEOID18,490.843,979770.4,,,,,,,,1,2,,,,WV S,44140.,617660.,,,,,,,,C,1913,20240301,MARK NOT FOUND,INDIV,N,DD = SURVEY DISK,34 = SET IN THE FOOTINGS OF SMALL/MEDIUM STRUCTURES,1612
,20260103,http://www.ngs.noaa.gov/cgi-bin/ds_mark.prl?PidBox=HW1426,HW1426,1618.7,,,,WV,PENDLETON,FRANKLIN (2016),38 40 23.     (N),079 19 52.     (W),38.6730555556,-79.3311111111,,NAD 83,(1986),,SCALED,493.523,NAVD 88,,ADJUSTED,-31.125,GEOID18,493.165,979887.7,,,,,,,,2,0,,,,WV S,187000.,745220.,,,,,,,,C,UNK,1954,MARK NOT FOUND,USACE,,Q = CHISELED SQUARE,32 = SET IN A RETAINING WALL OR CONCRETE LEDGE,
,20260103,http://www.ngs.noaa.gov/cgi-bin/ds_mark.prl?PidBox=GX0676,GX0676,1622,,,,WV,GREENBRIER,FORT SPRING (2016),37 44 42.     (N),080 32 22.     (W),37.7450000000,-80.5394444444,,NAD 83,(1986),,SCALED,495.14,NAVD 88,,VERTCON3,-31.472,GEOID18,,,,,,,,,,,,,,,WV S,82790.,640590.,,,,,,,,B,1907,1907,GOOD,CGS,,DB = BENCH MARK DISK,36 = SET IN A MASSIVE STRUCTURE,1622
,20260103,http://www.ngs.noaa.gov/cgi-bin/ds_mark.prl?PidBox=GX0677,GX0677,1622 USGS RESET,,,,WV,GREENBRIER,FORT SPRING (2016),37 44 42.     (N),080 32 22.     (W),37.7450000000,-80.5394444444,,NAD 83,(1986),,SCALED,495.141,NAVD 88,,ADJUSTED,-31.472,GEOID18,494.736,979796.8,,,,,,,,1,2,,,,WV S,82790.,640590.,,,,,,,,B,1940,1983,GOOD,NGS,,DD = SURVEY DISK,36 = SET IN A MASSIVE STRUCTURE,RESET 1940
,20260103,http://www.ngs.noaa.gov/cgi-bin/ds_mark.prl?PidBox=GX1283,GX1283,1645,,,,WV,MCDOWELL,KEYSTONE (2016),37 24 59.     (N),081 27 03.     (W),37.4163888889,-81.4508333333,,NAD 83,(1986),,SCALED,501.410,NAVD 88,,ADJUSTED,-31.027,GEOID18,500.985,979766.8,,,,,,,,2,0,,,,WV S,46310.,560090.,,,,,,,,D,1909,1935,GOOD,CGS,,DB = BENCH MARK DISK,31 = SET IN A PAVEMENT SUCH AS STREET SIDEWALK CURB ETC.,1645
,20260103,http://www.ngs.noaa.gov/cgi-bin/ds_mark.prl?PidBox=HY0601,HY0601,165 JJS,,,,WV,LINCOLN,HAMLIN (2016),38 15 09.     (N),082 07 28.     (W),38.2525000000,-82.1244444444,,NAD 83,(1986),,SCALED,197.674,NAVD 88,,ADJUSTED,-33.085,GEOID18,197.534,979920.2,,,,,,,,2,0,,,,WV S,139610.,501590.,,,,,,,,D,1956,1957,GOOD,CGS,,DB = BENCH MARK DISK,9 = POST (STONE OR PRECAST CONCRETE),649 165 JJS 1956
,20260103,http://www.ngs.noaa.gov/cgi-bin/ds_mark.prl?PidBox=HY0218,HY0218,168 JJS,,,,WV,CABELL,GLENWOOD (2016),38 30 10.     (N),082 08 41.     (W),38.5027777778,-82.1447222222,,NAD 83,(1986),,SCALED,266.663,NAVD 88,,POSTED,-33.375,GEOID18,266.48,979949.8,,,,,,,,,,,,,WV S,167410.,500160.,,,,,,,,C,1956,20071028,GOOD,GEOCAC,,DD = SURVEY DISK,7 = SET IN TOP OF CONCRETE MONUMENT,168 JJS 875 1956
,20260103,http://www.ngs.noaa.gov/cgi-bin/ds_mark.prl?PidBox=JX0670,JX0670,168 RHP,,,,WV,WETZEL,BIG RUN (2016),39 35 36.     (N),080 30 43.     (W),39.5933333333,-80.5119444444,,NAD 83,(1986),,SCALED,289.683,NAVD 88,,ADJUSTED,-33.072,GEOID18,289.511,980026.7,,,,,,,,2,0,,,,WV N,121870.,513080.,,,,,,,,C,1957,1957,GOOD,CGS,,DD = SURVEY DISK,7 = SET IN TOP OF CONCRETE MONUMENT,168 RHP 1957
,20260103,http://www.ngs.noaa.gov/cgi-bin/ds_mark.prl?PidBox=JW0750,JW0750,1688,,,,WV,MINERAL,KITZMILLER (2016),39 22 44.76   (N),079 12 07.42   (W),39.3791000000,-79.2020611111,,NAD 83,(1986),,HD_HELD1,514.517,NAVD 88,,ADJUSTED,-31.482,GEOID18,514.164,979924.3,,,,,,,,2,0,,,,WV N,97637.4,625669.8,,,,,,,,B,1919,20230521,SEE DESCRIPTION,PROFLN,,DB = BENCH MARK DISK,36 = SET IN A MASSIVE STRUCTURE,1688 1919
,20260103,http://www.ngs.noaa.gov/cgi-bin/ds_mark.prl?PidBox=GX0094,GX0094,1693,,,,WV,GREENBRIER,LEWISBURG (2016),37 47 04.     (N),080 24 05.     (W),37.7844444444,-80.4013888889,,NAD 83,(1986),,SCALED,515.973,NAVD 88,,ADJUSTED,-31.494,GEOID18,515.547,979788.1,,,,,,,,1,2,,,,WV S,87230.,652730.,,,,,,,,B,1920,1984,MARK NOT FOUND,NGS,,DD = SURVEY DISK,36 = SET IN A MASSIVE STRUCTURE,W VA 1693 1920
,20260103,http://www.ngs.noaa.gov/cgi-bin/ds_mark.prl?PidBox=HX0102,HX0102,1695,,,,WV,UPSHUR,BUCKHANNON (2016),38 54 50.     (N),080 10 47.     (W),38.9138888889,-80.1797222222,,NAD 83,(1986),,SCALED,514.347,NAVD 88,,ADJUSTED,-31.558,GEOID18,514.001,979938.8,,,,,,,,2,0,,,,WV S,212740.,671140.,,,,,,,,B,UNK,1962,GOOD,CGS,,DB = BENCH MARK DISK,65 = SET IN UNSPECIFIED ROCK OR BOULDER,1695
,20260103,http://www.ngs.noaa.gov/cgi-bin/ds_mark.prl?PidBox=JW0857,JW0857,1698,,,,WV,BARBOUR,BELINGTON (2016),39 01 31.     (N),079 56 08.     (W),39.0252777778,-79.9355555556,,NAD 83,(1986),,SCALED,517.667,NAVD 88,,ADJUSTED,-31.361,GEOID18,517.309,979918.8,,,,,,,,1,2,,,,WV N,58410.,562280.,,,,,,,,B,1905,19941218,MARK NOT FOUND,USACE,,DD = SURVEY DISK,36 = SET IN A MASSIVE STRUCTURE,1698 ADJ 1903
,20260103,http://www.ngs.noaa.gov/cgi-bin/ds_mark.prl?PidBox=GX0064,GX0064,1700=SHANK,,,,WV,GREENBRIER,LEWISBURG (2016),37 46 37.     (N),080 25 38.     (W),37.7769444444,-80.4272222222,,NAD 83,(1986),,SCALED,518.058,NAVD 88,,ADJUSTED,-31.482,GEOID18,517.624,979776.4,,,,,,,,1,2,,,,WV S,86390.,650460.,,,,,,,,B,UNK,1958,POOR,CGS,,DO = NOT SPECIFIED OR SEE DESCRIPTION,36 = SET IN A MASSIVE STRUCTURE,
,20260103,http://www.ngs.noaa.gov/cgi-bin/ds_mark.prl?PidBox=JW0868,JW0868,1721,,,,WV,TUCKER,PARSONS (2016),39 04 33.     (N),079 37 44.     (W),39.0758333333,-79.6288888889,,NAD 83,(1986),,SCALED,524.533,NAVD 88,,ADJUSTED,-30.925,GEOID18,524.173,979924.4,,,,,,,,2,0,,,,WV N,63940.,588850.,,,,,,,,B,1905,1935,GOOD,CGS,,DB = BENCH MARK DISK,36 = SET IN A MASSIVE STRUCTURE,1721 ADJ 1903
,20260103,http://www.ngs.noaa.gov/cgi-bin/ds_mark.prl?PidBox=GX0092,GX0092,1725,,,,WV,GREENBRIER,WHITE SULPHUR SPRINGS (2016),37 49 14.     (N),080 21 49.     (W),37.8205555556,-80.3636111111,,NAD 83,(1986),,SCALED,525.702,NAVD 88,,ADJUSTED,-31.474,GEOID18,525.267,979786.9,,,,,,,,1,2,,,,WV S,91260.,656030.,,,,,,,,A,1920,1983,MARK NOT FOUND,NGS,,DD = SURVEY DISK,66 = SET IN ROCK OUTCROP,W VA 1920 1725
,20260103,http://www.ngs.noaa.gov/cgi-bin/ds_mark.prl?PidBox=HW1883,HW1883,1738,,,,WV,BARBOUR,JUNIOR (2016),38 58 03.     (N),079 57 45.     (W),38.9675000000,-79.9625000000,,NAD 83,(1986),,SCALED,529.607,NAVD 88,,ADJUSTED,-31.282,GEOID18,529.240,979917.0,,,,,,,,1,2,,,,WV N,52000.,559920.,,,,,,,,D,1905,1983,MARK NOT FOUND,NGS,,DB = BENCH MARK DISK,31 = SET IN A PAVEMENT SUCH AS STREET SIDEWALK CURB ETC.,1738 ADJ 1903
,20260103,http://www.ngs.noaa.gov/cgi-bin/ds_mark.prl?PidBox=GX0090,GX0090,1739.5,,,,WV,GREENBRIER,WHITE SULPHUR SPRINGS (2016),37 50 41.     (N),080 22 17.     (W),37.8447222222,-80.3713888889,,NAD 83,(1986),,SCALED,530.00,NAVD 88,,VERTCON3,-31.441,GEOID18,,,,,,,,,,,,,,,WV S,93940.,655330.,,,,,,,,A,UNK,1983,MARK NOT FOUND,NGS,,Q = CHISELED SQUARE,66 = SET IN ROCK OUTCROP,
,20260103,http://www.ngs.noaa.gov/cgi-bin/ds_mark.prl?PidBox=GX0061,GX0061,1745,,,,WV,GREENBRIER,LEWISBURG (2016),37 46 40.     (N),080 23 39.     (W),37.7777777778,-80.3941666667,,NAD 83,(1986),,SCALED,531.647,NAVD 88,,ADJUSTED,-31.500,GEOID18,531.210,979792.7,,,,,,,,1,2,,,,WV S,86500.,653370.,,,,,,,,B,1907,1983,MARK NOT FOUND,NGS,,DB = BENCH MARK DISK,36 = SET IN A MASSIVE STRUCTURE,1745
,20260103,http://www.ngs.noaa.gov/cgi-bin/ds_mark.prl?PidBox=HY0593,HY0593,175 JJS,,,,WV,LINCOLN,HAMLIN (2016),38 16 14.     (N),082 04 13.     (W),38.2705555556,-82.0702777778,,NAD 83,(1986),,SCALED,198.003,NAVD 88,,ADJUSTED,-33.107,GEOID18,197.864,979921.5,,,,,,,,2,0,,,,WV S,141560.,506350.,,,,,,,,C,1956,20060818,GOOD,GEOCAC,,DD = SURVEY DISK,7 = SET IN TOP OF CONCRETE MONUMENT,650 175 JJS 1956
,20260103,http://www.ngs.noaa.gov/cgi-bin/ds_mark.prl?PidBox=HW1400,HW1400,1764,,,,WV,PENDLETON,ONEGO (2016),38 50 47.     (N),079 25 18.     (W),38.8463888889,-79.4216666667,,NAD 83,(1986),,SCALED,536.859,NAVD 88,,ADJUSTED,-30.864,GEOID18,536.468,979883.9,,,,,,,,2,0,,,,WV S,206100.,737010.,,,,,,,,C,UNK,1934,GOOD,CGS,,DD = SURVEY DISK,80 = SET IN A BOULDER,1764
,20260103,http://www.ngs.noaa.gov/cgi-bin/ds_mark.prl?PidBox=GX0087,GX0087,1789,,,,WV,GREENBRIER,ANTHONY (2016),37 53 15.     (N),080 20 43.     (W),37.8875000000,-80.3452777778,,NAD 83,(1986),,SCALED,545.014,NAVD 88,,ADJUSTED,-31.396,GEOID18,544.564,979786.9,,,,,,,,1,2,,,,WV S,98710.,657590.,,,,,,,,A,1920,1983,MARK NOT FOUND,NGS,,DD = SURVEY DISK,66 = SET IN ROCK OUTCROP,W VA 1789 1920
,20260103,http://www.ngs.noaa.gov/cgi-bin/ds_mark.prl?PidBox=GX0057,GX0057,1790,,,,WV,GREENBRIER,WHITE SULPHUR SPRINGS (2016),37 46 04.     (N),080 21 22.     (W),37.7677777778,-80.3561111111,,NAD 83,(1986),,SCALED,545.374,NAVD 88,,ADJUSTED,-31.516,GEOID18,544.924,979787.8,,,,,,,,1,2,,,,WV S,85410.,656730.,,,,,,,,B,1907,1958,GOOD,CGS,,DB = BENCH MARK DISK,36 = SET IN A MASSIVE STRUCTURE,1790
,20260103,http://www.ngs.noaa.gov/cgi-bin/ds_mark.prl?PidBox=HW1415,HW1415,18,,,,WV,PENDLETON,CIRCLEVILLE (2016),38 42 18.     (N),079 24 02.     (W),38.7050000000,-79.4005555556,,NAD 83,(1986),,SCALED,1092.243,NAVD 88,,ADJUSTED,-30.870,GEOID18,1091.467,979877.1,,,,,,,,2,0,,,,WV S,190440.,739120.,,,,,,,,C,UNK,1954,MARK NOT FOUND,USACE,,Q = CHISELED SQUARE,32 = SET IN A RETAINING WALL OR CONCRETE LEDGE,
,20260103,http://www.ngs.noaa.gov/cgi-bin/ds_mark.prl?PidBox=HX0534,HX0534,18,,,,WV,WEBSTER,BERGOO (2016),38 28 40.     (N),080 22 08.     (W),38.4777777778,-80.3688888889,,NAD 83,(1986),,SCALED,609.804,NAVD 88,,ADJUSTED,-30.936,GEOID18,609.340,979848.0,,,,,,,,2,0,,,,WV S,164210.,655070.,,,,,,,,A,UNK,1962,MARK NOT FOUND,CGS,,Q = CHISELED SQUARE,66 = SET IN ROCK OUTCROP,
,20260103,http://www.ngs.noaa.gov/cgi-bin/ds_mark.prl?PidBox=JX0725,JX0725,180,,,,WV,MARSHALL,CAMERON (2016),39 50 08.     (N),080 36 05.     (W),39.8355555556,-80.6013888889,,NAD 83,(1986),,SCALED,303.495,NAVD 88,,ADJUSTED,-33.474,GEOID18,303.319,980038.1,,,,,,,,2,0,,,,WV N,148850.,505730.,,,,,,,,,1904,20171202,MARK NOT FOUND,GEOCAC,,,,
,20260103,http://www.ngs.noaa.gov/cgi-bin/ds_mark.prl?PidBox=HX0366,HX0366,1802,,,,WV,UPSHUR,ALTON (2016),38 49 23.     (N),080 13 01.     (W),38.8230555556,-80.2169444444,,NAD 83,(1986),,SCALED,549.130,NAVD 88,,ADJUSTED,-31.400,GEOID18,548.742,979904.0,,,,,,,,2,0,,,,WV S,202630.,668000.,,,,,,,,C,1911,1975,GOOD,BAKER,,DD = SURVEY DISK,80 = SET IN A BOULDER,1802 1911
,20260103,http://www.ngs.noaa.gov/cgi-bin/ds_mark.prl?PidBox=HX0095,HX0095,1810,,,,WV,UPSHUR,BUCKHANNON (2016),38 55 44.     (N),080 08 54.     (W),38.9288888889,-80.1483333333,,NAD 83,(1986),,SCALED,551.460,NAVD 88,,ADJUSTED,-31.522,GEOID18,551.084,979927.3,,,,,,,,2,0,,,,WV S,214430.,673850.,,,,,,,,C,1911,1935,GOOD,CGS,,Z = SEE DESCRIPTION,80 = SET IN A BOULDER,
,20260103,http://www.ngs.noaa.gov/cgi-bin/ds_mark.prl?PidBox=GX0084,GX0084,1815,,,,WV,GREENBRIER,ANTHONY (2016),37 54 42.     (N),080 18 54.     (W),37.9116666667,-80.3150000000,,NAD 83,(1986),,SCALED,553.034,NAVD 88,,ADJUSTED,-31.379,GEOID18,552.573,979778.3,,,,,,,,1,2,,,,WV S,101410.,660230.,,,,,,,,C,1920,1983,MARK NOT FOUND,NGS,,DD = SURVEY DISK,80 = SET IN A BOULDER,1815 W VA 1920
,20260103,http://www.ngs.noaa.gov/cgi-bin/ds_mark.prl?PidBox=HY0022,HY0022,182+20 BORR,,,,WV,MASON,APPLE GROVE (2016),38 43 54.     (N),082 10 48.     (W),38.7316666667,-82.1800000000,,NAD 83,(1986),,SCALED,170.860,NAVD 88,,ADJUSTED,-33.609,GEOID18,170.750,979982.7,,,,,,,,1,2,,,,WV S,192850.,497400.,,,,,,,,B,UNK,20071111,GOOD,GEOCAC,Y,Z = SEE DESCRIPTION,38 = SET IN THE ABUTMENT OR PIER OF A LARGE BRIDGE,
,20260103,http://www.ngs.noaa.gov/cgi-bin/ds_mark.prl?PidBox=HY0624,HY0624,183 JJS,,,,WV,PUTNAM,HURRICANE (2016),38 27 25.     (N),082 01 49.     (W),38.4569444444,-82.0302777778,,NAD 83,(1986),,SCALED,196.310,NAVD 88,,POSTED,-33.369,GEOID18,196.18,979940.1,,,,,,,,,,,,,WV S,162210.,510080.,,,,,,,,C,1956,1956,GOOD,CGS,,DD = SURVEY DISK,7 = SET IN TOP OF CONCRETE MONUMENT,183 JJS 645 1956
,20260103,http://www.ngs.noaa.gov/cgi-bin/ds_mark.prl?PidBox=GX0081,GX0081,1855,,,,WV,GREENBRIER,ANTHONY (2016),37 57 11.     (N),080 20 51.     (W),37.9530555556,-80.3475000000,,NAD 83,(1986),,SCALED,565.287,NAVD 88,,ADJUSTED,-31.284,GEOID18,564.816,979778.2,,,,,,,,1,2,,,,WV S,105980.,657340.,,,,,,,,B,1920,1983,MARK NOT FOUND,NGS,,DD = SURVEY DISK,36 = SET IN A MASSIVE STRUCTURE,W VA 1855 1920
,20260103,http://www.ngs.noaa.gov/cgi-bin/ds_mark.prl?PidBox=JW0753,JW0753,1856,,,,WV,MINERAL,MOUNT STORM (2016),39 21 30.42   (N),079 14 14.56   (W),39.3584500000,-79.2373777778,,NAD 83,(1986),,HD_HELD1,566.002,NAVD 88,,ADJUSTED,-31.364,GEOID18,565.601,979900.6,,,,,,,,2,0,,,,WV N,95335.4,622633.7,,,,,,,,B,1919,1935,GOOD,CGS,,DB = BENCH MARK DISK,36 = SET IN A MASSIVE STRUCTURE,1856 1919
,20260103,http://www.ngs.noaa.gov/cgi-bin/ds_mark.prl?PidBox=JW0822,JW0822,1862,,,,WV,PRESTON,KINGWOOD (2016),39 28 20.6    (N),079 41 14.8    (W),39.4723888889,-79.6874444444,,NAD 83,(1986),,HD_HELD2,567.680,NAVD 88,,ADJUSTED,-31.603,GEOID18,567.315,979965.6,,,,,,,,2,0,,,,WV N,107968.,583872.,,,,,,,,B,1920,20090922,GOOD,GEOCAC,N,DB = BENCH MARK DISK,36 = SET IN A MASSIVE STRUCTURE,1862 ADJ 1903 1905
,20260103,http://www.ngs.noaa.gov/cgi-bin/ds_mark.prl?PidBox=HW1888,HW1888,1865,,,,WV,RANDOLPH,JUNIOR (2016),38 56 20.     (N),079 57 36.     (W),38.9388888889,-79.9600000000,,NAD 83,(1986),,SCALED,568.356,NAVD 88,,ADJUSTED,-31.200,GEOID18,567.956,979906.7,,,,,,,,1,2,,,,WV S,215710.,690170.,,,,,,,,B,1905,1983,GOOD,NGS,,DB = BENCH MARK DISK,38 = SET IN THE ABUTMENT OR PIER OF A LARGE BRIDGE,1865 1903 ADJ
,20260103,http://www.ngs.noaa.gov/cgi-bin/ds_mark.prl?PidBox=GX1399,GX1399,1868,,,,WV,MERCER,PRINCETON (2016),37 18 46.     (N),081 01 38.     (W),37.3127777778,-81.0272222222,,NAD 83,(1986),,SCALED,569.323,NAVD 88,,ADJUSTED,-31.038,GEOID18,568.811,979712.6,,,,,,,,1,2,,,,WV S,34720.,597590.,,,,,,,,C,1909,1965,MARK NOT FOUND,CGS,,DB = BENCH MARK DISK,32 = SET IN A RETAINING WALL OR CONCRETE LEDGE,1868
,20260103,http://www.ngs.noaa.gov/cgi-bin/ds_mark.prl?PidBox=JX0507,JX0507,187,,,,WV,MARSHALL,GLEN EASTON (2016),39 50 51.     (N),080 41 06.     (W),39.8475000000,-80.6850000000,,NAD 83,(1986),,SCALED,258.33,NAVD 88,,VERTCON3,-33.569,GEOID18,,,,,,,,,,,,,,,WV N,150270.,498590.,,,,,,,,C,1904,20170729,MARK NOT FOUND,GEOCAC,,B = BOLT,32 = SET IN A RETAINING WALL OR CONCRETE LEDGE,
,20260103,http://www.ngs.noaa.gov/cgi-bin/ds_mark.prl?PidBox=HY0234,HY0234,187 JJS,,,,WV,MASON,MOUNT OLIVE (2016),38 31 27.     (N),082 04 07.     (W),38.5241666667,-82.0686111111,,NAD 83,(1986),,SCALED,282.540,NAVD 88,,POSTED,-33.439,GEOID18,282.35,979938.5,,,,,,,,,,,,,WV S,169700.,506820.,,,,,,,,C,1956,20061029,GOOD,USPSQD,Y,DD = SURVEY DISK,7 = SET IN TOP OF CONCRETE MONUMENT,187 JJS 927 1956
,20260103,http://www.ngs.noaa.gov/cgi-bin/ds_mark.prl?PidBox=HX1003,HX1003,1875,,,,WV,WEBSTER,COWEN (2016),38 28 18.     (N),080 31 50.     (W),38.4716666667,-80.5305555556,,NAD 83,(1986),,SCALED,571.608,NAVD 88,,ADJUSTED,-31.208,GEOID18,571.179,979858.9,,,,,,,,2,0,,,,WV S,163440.,640960.,,,,,,,,A,1915,1962,MARK NOT FOUND,CGS,,DD = SURVEY DISK,66 = SET IN ROCK OUTCROP,1875
,20260103,http://www.ngs.noaa.gov/cgi-bin/ds_mark.prl?PidBox=HX0579,HX0579,1899,,,,WV,GREENBRIER,DROOP (2016),38 00 39.     (N),080 18 17.     (W),38.0108333333,-80.3047222222,,NAD 83,(1986),,SCALED,578.577,NAVD 88,,ADJUSTED,-31.186,GEOID18,578.089,979768.6,,,,,,,,1,2,,,,WV S,112420.,661050.,,,,,,,,C,1920,1983,MARK NOT FOUND,NGS,,DD = SURVEY DISK,80 = SET IN A BOULDER,W VA 1920 1899
,20260103,http://www.ngs.noaa.gov/cgi-bin/ds_mark.prl?PidBox=HX1749,HX1749,19 WSM,,,,WV,ROANE,PENIEL (2016),38 48 04.     (N),081 28 34.     (W),38.8011111111,-81.4761111111,,NAD 83,(1986),,SCALED,233.612,NAVD 88,,ADJUSTED,-33.665,GEOID18,233.458,979963.3,,,,,,,,2,0,,,,WV S,200020.,558640.,,,,,,,,C,1956,1976,GOOD,NGS,,DD = SURVEY DISK,7 = SET IN TOP OF CONCRETE MONUMENT,767 19 WSM 1956
,20260103,http://www.ngs.noaa.gov/cgi-bin/ds_mark.prl?PidBox=HY0590,HY0590,190 JJS,,,,WV,LINCOLN,HAMLIN (2016),38 15 35.     (N),082 02 30.     (W),38.2597222222,-82.0416666667,,NAD 83,(1986),,SCALED,197.448,NAVD 88,,ADJUSTED,-33.079,GEOID18,197.308,979919.5,,,,,,,,2,0,,,,WV S,140330.,508840.,,,,,,,,D,1956,20130227,MARK NOT FOUND,GEOCAC,,DB = BENCH MARK DISK,9 = POST (STONE OR PRECAST CONCRETE),649 190 JJS 1956
,20260103,http://www.ngs.noaa.gov/cgi-bin/ds_mark.prl?PidBox=GX0161,GX0161,1901 USGS,,,,WV,GREENBRIER,ANTHONY (2016),37 59 27.     (N),080 21 16.     (W),37.9908333333,-80.3544444444,,NAD 83,(1986),,SCALED,579.421,NAVD 88,,ADJUSTED,-31.196,GEOID18,578.952,979802.5,,,,,,,,1,2,,,,WV S,110170.,656700.,,,,,,,,C,1920,1983,GOOD,NGS,,DD = SURVEY DISK,35 = SET IN A MAT FOUNDATION OR CONCRETE SLAB OTHER THAN PAVEMENT,W VA 1901 1920
,20260103,http://www.ngs.noaa.gov/cgi-bin/ds_mark.prl?PidBox=HY0587,HY0587,191 JJS,,,,WV,LINCOLN,HAGER (2016),38 14 31.     (N),082 00 49.     (W),38.2419444444,-82.0136111111,,NAD 83,(1986),,SCALED,200.774,NAVD 88,,ADJUSTED,-33.034,GEOID18,200.631,979916.9,,,,,,,,2,0,,,,WV S,138330.,511270.,,,,,,,,D,1956,1957,GOOD,CGS,,DB = BENCH MARK DISK,9 = POST (STONE OR PRECAST CONCRETE),659 191 JJS 1956
,20260103,http://www.ngs.noaa.gov/cgi-bin/ds_mark.prl?PidBox=JW0866,JW0866,1910,,,,WV,TUCKER,MOZARK MOUNTAIN (2016),39 05 16.     (N),079 35 36.     (W),39.0877777778,-79.5933333333,,NAD 83,(1986),,SCALED,582.236,NAVD 88,,ADJUSTED,-30.858,GEOID18,581.820,979893.8,,,,,,,,2,0,,,,WV N,65260.,591930.,,,,,,,,B,1905,20221208,MARK NOT FOUND,PROFLN,,DD = SURVEY DISK,36 = SET IN A MASSIVE STRUCTURE,1910 ADJ 1903
,20260103,http://www.ngs.noaa.gov/cgi-bin/ds_mark.prl?PidBox=JW0867,JW0867,1910 RESET,,,,WV,TUCKER,MOZARK MOUNTAIN (2016),39 05 16.5    (N),079 35 37.7    (W),39.0879166667,-79.5938055556,,NAD 83,(1986),,HD_HELD2,582.25,NAVD 88,,VERTCON3,-30.859,GEOID18,,,,,,,,,,,,,,,WV N,65273.,591884.,,,,,,,,A,1948,1948,MONUMENTED,WMRR,,DB = BENCH MARK DISK,66 = SET IN ROCK OUTCROP,1910 RESET 1948
,20260103,http://www.ngs.noaa.gov/cgi-bin/ds_mark.prl?PidBox=HW1891,HW1891,1914,,,,WV,RANDOLPH,JUNIOR (2016),38 55 50.     (N),079 53 56.     (W),38.9305555556,-79.8988888889,,NAD 83,(1986),,SCALED,583.456,NAVD 88,,ADJUSTED,-31.083,GEOID18,583.041,979897.0,,,,,,,,1,2,,,,WV S,214850.,695480.,,,,,,,,D,1905,1983,MARK NOT FOUND,NGS,,DB = BENCH MARK DISK,31 = SET IN A PAVEMENT SUCH AS STREET SIDEWALK CURB ETC.,1914 ADJ 1903
,20260103,http://www.ngs.noaa.gov/cgi-bin/ds_mark.prl?PidBox=HX0575,HX0575,1916.7,,,,WV,GREENBRIER,DROOP (2016),38 01 34.     (N),080 17 39.     (W),38.0261111111,-80.2941666667,,NAD 83,(1986),,SCALED,584.127,NAVD 88,,ADJUSTED,-31.149,GEOID18,583.632,979764.2,,,,,,,,1,2,,,,WV S,114120.,661970.,,,,,,,,B,1920,1962,GOOD,CGS,,Q = CHISELED SQUARE,36 = SET IN A MASSIVE STRUCTURE,
,20260103,http://www.ngs.noaa.gov/cgi-bin/ds_mark.prl?PidBox=HX2192,HX2192,192 JJS,,,,WV,LINCOLN,GRIFFITHSVILLE (2016),38 14 19.27163(N),081 59 24.03059(W),38.2386865639,-81.9900084972,170.356,NAD 83,(2011),2010.00,ADJUSTED,203.375,NAVD 88,,ADJUSTED,-33.019,GEOID18,203.231,979917.0,0.52,1.02,0.23,0.19,0.52,-0.05744620,,2,0,698987.505,-4967269.196,3926392.856,WV S,137942.888,513335.760,-0 36 43.3,0.99989939,17,4232761.638,413361.359,-0 36 46.1,0.99969244,D,1956,20041214,GOOD,INDIV,Y,DB = BENCH MARK DISK,9 = POST (STONE OR PRECAST CONCRETE),668 192 JJS 1956
,20260103,http://www.ngs.noaa.gov/cgi-bin/ds_mark.prl?PidBox=HW1895,HW1895,1930 RESET,,,,WV,RANDOLPH,ELKINS (2016),38 55 31.     (N),079 51 02.     (W),38.9252777778,-79.8505555556,,NAD 83,(1986),,SCALED,587.925,NAVD 88,,ADJUSTED,-31.024,GEOID18,587.509,979901.3,,,,,,,,1,2,,,,WV S,214310.,699680.,,,,,,,,D,1961,20230613,MARK NOT FOUND,PROFLN,,DD = SURVEY DISK,30 = SET IN A LIGHT STRUCTURE,1930 ADJ 1903 RESET 1961
,20260103,http://www.ngs.noaa.gov/cgi-bin/ds_mark.prl?PidBox=GX0660,GX0660,1933 B 2 USGS,,,,WV,SUMMERS,FOREST HILL (2016),37 34 12.     (N),080 47 20.     (W),37.5700000000,-80.7888888889,,NAD 83,(1986),,SCALED,588.559,NAVD 88,,ADJUSTED,-31.378,GEOID18,588.064,979769.9,,,,,,,,1,2,,,,WV S,63290.,618650.,,,,,,,,C,1933,1984,GOOD,NGS,,DD = SURVEY DISK,32 = SET IN A RETAINING WALL OR CONCRETE LEDGE,1933 B 2
,20260103,http://www.ngs.noaa.gov/cgi-bin/ds_mark.prl?PidBox=JW0882,JW0882,1944,,,,WV,RANDOLPH,MONTROSE (2016),39 00 41.5    (N),079 48 50.7    (W),39.0115277778,-79.8140833333,,NAD 83,(1986),,HD_HELD2,592.594,NAVD 88,,ADJUSTED,-31.101,GEOID18,592.177,979904.7,,,,,,,,2,0,,,,WV S,223926.,702715.,,,,,,,,B,1905,20230613,GOOD,PROFLN,Y,DB = BENCH MARK DISK,38 = SET IN THE ABUTMENT OR PIER OF A LARGE BRIDGE,1944 ADJ 1903
,20260103,http://www.ngs.noaa.gov/cgi-bin/ds_mark.prl?PidBox=HX0571,HX0571,1948,,,,WV,GREENBRIER,DROOP (2016),38 01 28.     (N),080 15 15.     (W),38.0244444444,-80.2541666667,,NAD 83,(1986),,SCALED,593.780,NAVD 88,,ADJUSTED,-31.181,GEOID18,593.268,979749.0,,,,,,,,1,2,,,,WV S,113970.,665480.,,,,,,,,C,1920,1983,MARK NOT FOUND,NGS,,DD = SURVEY DISK,80 = SET IN A BOULDER,W VA 1920 1948
,20260103,http://www.ngs.noaa.gov/cgi-bin/ds_mark.prl?PidBox=HW2073,HW2073,1960,,,,WV,RANDOLPH,BEVERLY WEST (2016),38 48 32.     (N),079 52 54.     (W),38.8088888889,-79.8816666667,,NAD 83,(1986),,SCALED,596.543,NAVD 88,,ADJUSTED,-30.826,GEOID18,596.109,979882.5,,,,,,,,1,2,,,,WV S,201360.,697130.,,,,,,,,B,1905,1983,GOOD,NGS,,DB = BENCH MARK DISK,38 = SET IN THE ABUTMENT OR PIER OF A LARGE BRIDGE,1960 W. VA.
,20260103,http://www.ngs.noaa.gov/cgi-bin/ds_mark.prl?PidBox=HX0569,HX0569,1976,,,,WV,GREENBRIER,DENMAR (2016),38 02 27.     (N),080 14 06.     (W),38.0408333333,-80.2350000000,,NAD 83,(1986),,SCALED,602.252,NAVD 88,,ADJUSTED,-31.165,GEOID18,601.735,979751.7,,,,,,,,1,2,,,,WV S,115800.,667150.,,,,,,,,D,1920,1983,MARK NOT FOUND,NGS,,DD = SURVEY DISK,31 = SET IN A PAVEMENT SUCH AS STREET SIDEWALK CURB ETC.,W VA 1976 1920
,20260103,http://www.ngs.noaa.gov/cgi-bin/ds_mark.prl?PidBox=GX0046,GX0046,1981,,,,WV,GREENBRIER,WHITE SULPHUR SPRINGS (2016),37 46 32.     (N),080 17 04.     (W),37.7755555556,-80.2844444444,,NAD 83,(1986),,SCALED,603.655,NAVD 88,,ADJUSTED,-31.564,GEOID18,603.142,979760.6,,,,,,,,1,2,,,,WV S,86320.,663040.,,,,,,,,A,1907,1958,GOOD,CGS,,DB = BENCH MARK DISK,66 = SET IN ROCK OUTCROP,1981
,20260103,http://www.ngs.noaa.gov/cgi-bin/ds_mark.prl?PidBox=JW0879,JW0879,1997,,,,WV,RANDOLPH,MONTROSE (2016),39 04 23.9    (N),079 48 35.1    (W),39.0733055556,-79.8097500000,,NAD 83,(1986),,HD_HELD2,608.702,NAVD 88,,ADJUSTED,-31.198,GEOID18,608.280,979913.3,,,,,,,,2,0,,,,WV S,230789.,703003.,,,,,,,,B,1905,20230613,GOOD,PROFLN,Y,DB = BENCH MARK DISK,36 = SET IN A MASSIVE STRUCTURE,1997 ADJ 1903
,20260103,http://www.ngs.noaa.gov/cgi-bin/ds_mark.prl?PidBox=GX1660,GX1660,2,,,,WV,MCDOWELL,WELCH (2016),37 25 50.     (N),081 35 08.     (W),37.4305555556,-81.5855555556,,NAD 83,(1986),,SCALED,396.763,NAVD 88,,ADJUSTED,-31.114,GEOID18,396.436,979795.0,,,,,,,,2,0,,,,WV S,47950.,548170.,,,,,,,,B,1934,1958,MARK NOT FOUND,CGS,,DD = SURVEY DISK,36 = SET IN A MASSIVE STRUCTURE,2
,20260103,http://www.ngs.noaa.gov/cgi-bin/ds_mark.prl?PidBox=KY0781,KY0781,2,,,,WV,BROOKE,STEUBENVILLE EAST (2016),40 18 36.0    (N),080 35 57.5    (W),40.3100000000,-80.5993055556,,NAD 83,(1986),,HD_HELD2,207.361,NAVD 88,,ADJUSTED,-34.092,GEOID18,207.252,980096.0,,,,,,,,1,2,,,,WV N,201522.,506553.,,,,,,,,A,UNK,20090104,POOR,GEOCAC,,Q = CHISELED SQUARE,30 = SET IN A LIGHT STRUCTURE,
,20260103,http://www.ngs.noaa.gov/cgi-bin/ds_mark.prl?PidBox=JW1106,JW1106,20 JEA,,,,WV,PRESTON,FELLOWSVILLE (2016),39 19 55.16   (N),079 50 53.62   (W),39.3319888889,-79.8482277778,,NAD 83,(1986),,HD_HELD1,412.693,NAVD 88,,ADJUSTED,-31.756,GEOID18,412.430,979976.7,,,,,,,,1,2,,,,WV N,92422.9,569977.2,,,,,,,,C,1956,20110808,GOOD,GEOCAC,,DB = BENCH MARK DISK,7 = SET IN TOP OF CONCRETE MONUMENT,20 JEA 1355 1956
,20260103,http://www.ngs.noaa.gov/cgi-bin/ds_mark.prl?PidBox=JX1128,JX1128,200 A,,,,WV,WOOD,LUBECK (2016),39 09 04.     (N),081 44 22.     (W),39.1511111111,-81.7394444444,,NAD 83,(1986),,SCALED,178.950,NAVD 88,,ADJUSTED,-34.346,GEOID18,178.836,979990.6,,,,,,,,1,2,,,,WV N,74700.,406440.,,,,,,,,B,UNK,1933,GOOD,CGS,,Q = CHISELED SQUARE,36 = SET IN A MASSIVE STRUCTURE,
,20260103,http://www.ngs.noaa.gov/cgi-bin/ds_mark.prl?PidBox=JX1129,JX1129,200 A RESET,,,,WV,WOOD,LUBECK (2016),39 09 04.     (N),081 44 22.     (W),39.1511111111,-81.7394444444,,NAD 83,(1986),,SCALED,178.95,NAVD 88,,VERTCON3,-34.346,GEOID18,,,,,,,,,,,,,,,WV N,74700.,406440.,,,,,,,,B,UNK,1976,GOOD,NGS,,Z = SEE DESCRIPTION,36 = SET IN A MASSIVE STRUCTURE,USE D 200 A
,20260103,http://www.ngs.noaa.gov/cgi-bin/ds_mark.prl?PidBox=HW2063,HW2063,2003,,,,WV,RANDOLPH,ELKINS (2016),38 53 05.     (N),079 50 51.     (W),38.8847222222,-79.8475000000,,NAD 83,(1986),,SCALED,610.565,NAVD 88,,ADJUSTED,-30.940,GEOID18,610.128,979891.0,,,,,,,,2,0,,,,WV S,209810.,700000.,,,,,,,,C,1905,1983,POOR,NGS,,DB = BENCH MARK DISK,34 = SET IN THE FOOTINGS OF SMALL/MEDIUM STRUCTURES,2003
,20260103,http://www.ngs.noaa.gov/cgi-bin/ds_mark.prl?PidBox=HX1035,HX1035,2021,,,,WV,NICHOLAS,CAMDEN ON GAULEY (2016),38 21 31.     (N),080 36 38.     (W),38.3586111111,-80.6105555556,,NAD 83,(1986),,SCALED,616.246,NAVD 88,,ADJUSTED,-31.107,GEOID18,615.774,979842.8,,,,,,,,2,0,,,,WV S,150860.,634040.,,,,,,,,B,UNK,1961,GOOD,CGS,,Q = CHISELED SQUARE,36 = SET IN A MASSIVE STRUCTURE,
,20260103,http://www.ngs.noaa.gov/cgi-bin/ds_mark.prl?PidBox=HX0563,HX0563,2022.93,,,,WV,POCAHONTAS,DENMAR (2016),38 06 20.     (N),080 13 17.     (W),38.1055555556,-80.2213888889,,NAD 83,(1986),,SCALED,616.676,NAVD 88,,ADJUSTED,-31.030,GEOID18,616.155,979765.1,,,,,,,,1,2,,,,WV S,122990.,668280.,,,,,,,,B,1921,1983,MARK NOT FOUND,NGS,,Q = CHISELED SQUARE,36 = SET IN A MASSIVE STRUCTURE,
,20260103,http://www.ngs.noaa.gov/cgi-bin/ds_mark.prl?PidBox=GX0113,GX0113,2023,,,,WV,MONROE,ALLEGHANY (2019),37 37 43.     (N),080 14 34.     (W),37.6286111111,-80.2427777778,,NAD 83,(1986),,SCALED,616.723,NAVD 88,,ADJUSTED,-31.706,GEOID18,616.196,979755.7,,,,,,,,2,0,,,,WV S,70040.,666840.,,,,,,,,D,1920,1963,GOOD,CGS,,DD = SURVEY DISK,31 = SET IN A PAVEMENT SUCH AS STREET SIDEWALK CURB ETC.,2023 FT 1920
,20260103,http://www.ngs.noaa.gov/cgi-bin/ds_mark.prl?PidBox=HX1028,HX1028,2029,,,,WV,WEBSTER,CAMDEN ON GAULEY (2016),38 21 50.     (N),080 35 23.     (W),38.3638888889,-80.5897222222,,NAD 83,(1986),,SCALED,618.829,NAVD 88,,ADJUSTED,-31.072,GEOID18,618.357,979845.0,,,,,,,,2,0,,,,WV S,151460.,635850.,,,,,,,,B,1915,20070421,MARK NOT FOUND,GEOCAC,,Q = CHISELED SQUARE,36 = SET IN A MASSIVE STRUCTURE,
,20260103,http://www.ngs.noaa.gov/cgi-bin/ds_mark.prl?PidBox=GX1182,GX1182,2030,,,,WV,RALEIGH,LESTER (2016),37 44 06.     (N),081 18 06.     (W),37.7350000000,-81.3016666667,,NAD 83,(1986),,SCALED,618.623,NAVD 88,,ADJUSTED,-31.062,GEOID18,618.119,979795.2,,,,,,,,2,0,,,,WV S,81620.,573410.,,,,,,,,B,1911,20060805,GOOD,GEOCAC,N,DB = BENCH MARK DISK,36 = SET IN A MASSIVE STRUCTURE,2030
,20260103,http://www.ngs.noaa.gov/cgi-bin/ds_mark.prl?PidBox=HX1026,HX1026,2039,,,,WV,WEBSTER,CAMDEN ON GAULEY (2016),38 21 27.     (N),080 34 14.     (W),38.3575000000,-80.5705555556,,NAD 83,(1986),,SCALED,621.751,NAVD 88,,ADJUSTED,-31.017,GEOID18,621.272,979838.1,,,,,,,,2,0,,,,WV S,150760.,637530.,,,,,,,,B,1915,1961,GOOD,CGS,,DB = BENCH MARK DISK,65 = SET IN UNSPECIFIED ROCK OR BOULDER,2039
,20260103,http://www.ngs.noaa.gov/cgi-bin/ds_mark.prl?PidBox=JW0756,JW0756,2040,,,,WV,MINERAL,GORMAN (2016),39 20 04.48   (N),079 15 29.44   (W),39.3345777778,-79.2581777778,,NAD 83,(1986),,HD_HELD1,621.904,NAVD 88,,ADJUSTED,-31.296,GEOID18,621.457,979888.4,,,,,,,,2,0,,,,WV N,92680.2,620848.2,,,,,,,,A,1916,1935,GOOD,CGS,,DB = BENCH MARK DISK,66 = SET IN ROCK OUTCROP,2040
,20260103,http://www.ngs.noaa.gov/cgi-bin/ds_mark.prl?PidBox=HX0076,HX0076,2066,,,,WV,RANDOLPH,ADOLPH (2016),38 40 52.     (N),080 00 11.     (W),38.6811111111,-80.0030555556,,NAD 83,(1986),,SCALED,629.673,NAVD 88,,ADJUSTED,-30.694,GEOID18,629.206,979865.5,,,,,,,,2,0,,,,WV S,187060.,686740.,,,,,,,,B,1912,1983,MARK NOT FOUND,NGS,,DB = BENCH MARK DISK,36 = SET IN A MASSIVE STRUCTURE,2066
,20260103,http://www.ngs.noaa.gov/cgi-bin/ds_mark.prl?PidBox=HX1009,HX1009,2085,,,,WV,WEBSTER,COWEN (2016),38 26 57.     (N),080 32 10.     (W),38.4491666667,-80.5361111111,,NAD 83,(1986),,SCALED,635.731,NAVD 88,,ADJUSTED,-31.150,GEOID18,635.251,979853.3,,,,,,,,2,0,,,,WV S,160940.,640490.,,,,,,,,A,1915,1962,GOOD,CGS,,DB = BENCH MARK DISK,66 = SET IN ROCK OUTCROP,2085
,20260103,http://www.ngs.noaa.gov/cgi-bin/ds_mark.prl?PidBox=HX0554,HX0554,2099.5,,,,WV,POCAHONTAS,MARLINTON (2016),38 10 40.     (N),080 07 24.     (W),38.1777777778,-80.1233333333,,NAD 83,(1986),,SCALED,640.128,NAVD 88,,ADJUSTED,-30.959,GEOID18,639.608,979796.6,,,,,,,,1,2,,,,WV S,131080.,676810.,,,,,,,,B,1921,1983,MARK NOT FOUND,NGS,,Q = CHISELED SQUARE,36 = SET IN A MASSIVE STRUCTURE,
,20260103,http://www.ngs.noaa.gov/cgi-bin/ds_mark.prl?PidBox=KY0768,KY0768,21,,,,WV,OHIO,WHEELING (2016),40 04 00.     (N),080 43 28.     (W),40.0666666667,-80.7244444444,,NAD 83,(1986),,SCALED,197.454,NAVD 88,,ADJUSTED,-33.916,GEOID18,197.344,980067.5,,,,,,,,1,2,,,,WV N,174640.,495550.,,,,,,,,D,UNK,20131102,MARK NOT FOUND,GEOCAC,,P = PIPE CAP,17 = SET INTO TOP OF METAL PIPE DRIVEN INTO GROUND,21
,20260103,http://www.ngs.noaa.gov/cgi-bin/ds_mark.prl?PidBox=KY0890,KY0890,21 JJS,,,,WV,BROOKE,STEUBENVILLE EAST (2016),40 18 22.     (N),080 33 54.     (W),40.3061111111,-80.5650000000,,NAD 83,(1986),,SCALED,219.420,NAVD 88,,ADJUSTED,-34.094,GEOID18,219.304,980090.3,,,,,,,,2,0,,,,WV N,201060.,509460.,,,,,,,,C,1955,20090104,MARK NOT FOUND,GEOCAC,,DB = BENCH MARK DISK,7 = SET IN TOP OF CONCRETE MONUMENT,21 JJS 1955 720
,20260103,http://www.ngs.noaa.gov/cgi-bin/ds_mark.prl?PidBox=HX0443,HX0443,2101=B 10,,,,WV,UPSHUR,ALTON (2016),38 45 16.     (N),080 09 24.     (W),38.7544444444,-80.1566666667,,NAD 83,(1986),,SCALED,640.555,NAVD 88,,ADJUSTED,-31.035,GEOID18,640.076,979860.5,,,,,,,,2,0,,,,WV S,195060.,673300.,,,,,,,,C,1912,1962,GOOD,CGS,,DB = BENCH MARK DISK,80 = SET IN A BOULDER,2101 B10 1912
,20260103,http://www.ngs.noaa.gov/cgi-bin/ds_mark.prl?PidBox=GX1016,GX1016,2107,,,,WV,GREENBRIER,ASBURY (2016),37 49 10.     (N),080 33 34.     (W),37.8194444444,-80.5594444444,,NAD 83,(1986),,SCALED,642.363,NAVD 88,,ADJUSTED,-31.362,GEOID18,641.830,979779.6,,,,,,,,2,0,,,,WV S,91040.,638790.,,,,,,,,D,1920,1961,GOOD,CGS,,DD = SURVEY DISK,31 = SET IN A PAVEMENT SUCH AS STREET SIDEWALK CURB ETC.,W VA 2107 1920
,20260103,http://www.ngs.noaa.gov/cgi-bin/ds_mark.prl?PidBox=HX0550,HX0550,2115.6,,,,WV,POCAHONTAS,MARLINTON (2016),38 11 41.     (N),080 05 54.     (W),38.1947222222,-80.0983333333,,NAD 83,(1986),,SCALED,645.039,NAVD 88,,ADJUSTED,-30.946,GEOID18,644.518,979801.4,,,,,,,,1,2,,,,WV S,132980.,678980.,,,,,,,,B,1921,1983,MARK NOT FOUND,NGS,,Q = CHISELED SQUARE,36 = SET IN A MASSIVE STRUCTURE,
,20260103,http://www.ngs.noaa.gov/cgi-bin/ds_mark.prl?PidBox=GX0647,GX0647,2120,,,,WV,GREENBRIER,CORNSTALK (2016),37 54 14.     (N),080 32 36.     (W),37.9038888889,-80.5433333333,,NAD 83,(1986),,SCALED,646.273,NAVD 88,,ADJUSTED,-31.211,GEOID18,645.730,979768.0,,,,,,,,2,0,,,,WV S,100420.,640160.,,,,,,,,A,1920,1961,GOOD,CGS,,DD = SURVEY DISK,66 = SET IN ROCK OUTCROP,W VA 2120 1920
,20260103,http://www.ngs.noaa.gov/cgi-bin/ds_mark.prl?PidBox=HX0549,HX0549,2125.6,,,,WV,POCAHONTAS,MARLINTON (2016),38 12 30.     (N),080 05 55.     (W),38.2083333333,-80.0986111111,,NAD 83,(1986),,SCALED,648.094,NAVD 88,,ADJUSTED,-30.917,GEOID18,647.573,979804.7,,,,,,,,1,2,,,,WV S,134500.,678940.,,,,,,,,B,1921,1934,GOOD,CGS,,Q = CHISELED SQUARE,36 = SET IN A MASSIVE STRUCTURE,
,20260103,http://www.ngs.noaa.gov/cgi-bin/ds_mark.prl?PidBox=HX0543,HX0543,2135.8,,,,WV,POCAHONTAS,MARLINTON (2016),38 13 53.     (N),080 05 22.     (W),38.2313888889,-80.0894444444,,NAD 83,(1986),,SCALED,651.175,NAVD 88,,ADJUSTED,-30.880,GEOID18,650.652,979804.0,,,,,,,,1,2,,,,WV S,137060.,679720.,,,,,,,,C,1921,1983,MARK NOT FOUND,NGS,,Q = CHISELED SQUARE,80 = SET IN A BOULDER,
,20260103,http://www.ngs.noaa.gov/cgi-bin/ds_mark.prl?PidBox=HX0542,HX0542,2154.9,,,,WV,POCAHONTAS,MARLINTON (2016),38 14 04.     (N),080 03 09.     (W),38.2344444444,-80.0525000000,,NAD 83,(1986),,SCALED,656.348,NAVD 88,,ADJUSTED,-30.925,GEOID18,655.816,979797.6,,,,,,,,1,2,,,,WV S,137430.,682950.,,,,,,,,B,1921,1983,MARK NOT FOUND,NGS,,Q = CHISELED SQUARE,36 = SET IN A MASSIVE STRUCTURE,
,20260103,http://www.ngs.noaa.gov/cgi-bin/ds_mark.prl?PidBox=GX1409,GX1409,2155,,,,WV,MERCER,PRINCETON (2016),37 17 57.     (N),081 07 15.     (W),37.2991666667,-81.1208333333,,NAD 83,(1986),,SCALED,656.758,NAVD 88,,ADJUSTED,-30.932,GEOID18,656.174,979721.2,,,,,,,,1,2,,,,WV S,33210.,589290.,,,,,,,,A,1909,1984,MARK NOT FOUND,NGS,,DB = BENCH MARK DISK,66 = SET IN ROCK OUTCROP,2155
,20260103,http://www.ngs.noaa.gov/cgi-bin/ds_mark.prl?PidBox=HX2638,HX2638,216 A RESET,,,,WV,JACKSON,RAVENSWOOD (2016),38 59 27.     (N),081 45 44.     (W),38.9908333333,-81.7622222222,,NAD 83,(1986),,SCALED,180.064,NAVD 88,,ADJUSTED,-34.161,GEOID18,179.949,979984.3,,,,,,,,1,2,,,,WV S,221240.,533960.,,,,,,,,B,1935,1984,MARK NOT FOUND,NGS,,Q = CHISELED SQUARE,36 = SET IN A MASSIVE STRUCTURE,
,20260103,http://www.ngs.noaa.gov/cgi-bin/ds_mark.prl?PidBox=GX0652,GX0652,2160,,,,WV,GREENBRIER,CORNSTALK (2016),37 56 47.     (N),080 31 47.     (W),37.9463888889,-80.5297222222,,NAD 83,(1986),,SCALED,658.548,NAVD 88,,ADJUSTED,-31.102,GEOID18,658.007,979786.2,,,,,,,,2,0,,,,WV S,105140.,641330.,,,,,,,,A,1920,1961,GOOD,CGS,,DD = SURVEY DISK,66 = SET IN ROCK OUTCROP,W VA 2160 1920
,20260103,http://www.ngs.noaa.gov/cgi-bin/ds_mark.prl?PidBox=HX0062,HX0062,2171,,,,WV,RANDOLPH,VALLEY HEAD (2016),38 36 53.     (N),080 02 02.     (W),38.6147222222,-80.0338888889,,NAD 83,(1986),,SCALED,661.670,NAVD 88,,ADJUSTED,-30.583,GEOID18,661.166,979845.2,,,,,,,,2,0,,,,WV S,179660.,684140.,,,,,,,,A,1912,1962,MARK NOT FOUND,CGS,,DB = BENCH MARK DISK,66 = SET IN ROCK OUTCROP,2171
,20260103,http://www.ngs.noaa.gov/cgi-bin/ds_mark.prl?PidBox=GX0156,GX0156,2190,,,,WV,GREENBRIER,WILLIAMSBURG (2016),37 58 09.     (N),080 29 32.     (W),37.9691666667,-80.4922222222,,NAD 83,(1986),,SCALED,667.620,NAVD 88,,ADJUSTED,-31.095,GEOID18,667.070,979785.0,,,,,,,,2,0,,,,WV S,107690.,644620.,,,,,,,,D,1920,1961,GOOD,CGS,,DD = SURVEY DISK,31 = SET IN A PAVEMENT SUCH AS STREET SIDEWALK CURB ETC.,W VA 2190 1920
,20260103,http://www.ngs.noaa.gov/cgi-bin/ds_mark.prl?PidBox=HX1194,HX1194,2193,,,,WV,NICHOLAS,RICHWOOD (2016),38 13 27.     (N),080 32 01.     (W),38.2241666667,-80.5336111111,,NAD 83,(1986),,SCALED,668.839,NAVD 88,,ADJUSTED,-30.776,GEOID18,668.308,979812.6,,,,,,,,2,0,,,,WV S,135970.,640840.,,,,,,,,C,1898,1962,GOOD,CGS,,DB = BENCH MARK DISK,80 = SET IN A BOULDER,2193 W VA
,20260103,http://www.ngs.noaa.gov/cgi-bin/ds_mark.prl?PidBox=HX0512,HX0512,22,,,,WV,WEBSTER,WEBSTER SPRINGS (2016),38 26 52.     (N),080 25 56.     (W),38.4477777778,-80.4322222222,,NAD 83,(1986),,SCALED,710.477,NAVD 88,,ADJUSTED,-30.946,GEOID18,709.931,979836.4,,,,,,,,2,0,,,,WV S,160840.,649560.,,,,,,,,C,UNK,1962,MARK NOT FOUND,CGS,,Q = CHISELED SQUARE,80 = SET IN A BOULDER,
,20260103,http://www.ngs.noaa.gov/cgi-bin/ds_mark.prl?PidBox=HX1020,HX1020,2202,,,,WV,WEBSTER,COWEN (2016),38 22 40.     (N),080 32 24.     (W),38.3777777778,-80.5400000000,,NAD 83,(1986),,SCALED,671.382,NAVD 88,,ADJUSTED,-30.988,GEOID18,670.862,979832.4,,,,,,,,2,0,,,,WV S,153020.,640190.,,,,,,,,B,1915,1961,GOOD,CGS,,DB = BENCH MARK DISK,36 = SET IN A MASSIVE STRUCTURE,2202
,20260103,http://www.ngs.noaa.gov/cgi-bin/ds_mark.prl?PidBox=HX0744,HX0744,2216,,,,WV,WEBSTER,WEBSTER SPRINGS (2016),38 23 03.     (N),080 29 09.     (W),38.3841666667,-80.4858333333,,NAD 83,(1986),,SCALED,675.771,NAVD 88,,ADJUSTED,-30.897,GEOID18,675.248,979832.0,,,,,,,,2,0,,,,WV S,153750.,644920.,,,,,,,,A,1915,1965,GOOD,CGS,,DB = BENCH MARK DISK,66 = SET IN ROCK OUTCROP,2216
,20260103,http://www.ngs.noaa.gov/cgi-bin/ds_mark.prl?PidBox=HW1991,HW1991,2228,,,,WV,RANDOLPH,DURBIN (2016),38 36 59.     (N),079 52 11.     (W),38.6163888889,-79.8697222222,,NAD 83,(1986),,SCALED,1084.165,NAVD 88,,ADJUSTED,-30.374,GEOID18,1083.270,979764.9,,,,,,,,2,0,,,,WV S,180000.,698430.,,,,,,,,C,1934,1962,MARK NOT FOUND,CGS,,DD = SURVEY DISK,7 = SET IN TOP OF CONCRETE MONUMENT,2228 1934
,20260103,http://www.ngs.noaa.gov/cgi-bin/ds_mark.prl?PidBox=HW1779,HW1779,2248.3,,,,WV,POCAHONTAS,CLOVER LICK (2016),38 18 27.     (N),079 58 58.     (W),38.3075000000,-79.9827777778,,NAD 83,(1986),,SCALED,685.480,NAVD 88,,ADJUSTED,-30.828,GEOID18,684.926,979797.5,,,,,,,,1,2,,,,WV S,145610.,688960.,,,,,,,,C,UNK,1933,GOOD,CGS,,Q = CHISELED SQUARE,80 = SET IN A BOULDER,
,20260103,http://www.ngs.noaa.gov/cgi-bin/ds_mark.prl?PidBox=HX1018,HX1018,2253,,,,WV,WEBSTER,COWEN (2016),38 24 32.     (N),080 33 19.     (W),38.4088888889,-80.5552777778,,NAD 83,(1986),,SCALED,687.062,NAVD 88,,ADJUSTED,-31.083,GEOID18,686.539,979845.2,,,,,,,,2,0,,,,WV S,156470.,638840.,,,,,,,,D,1915,1962,POOR,CGS,,DB = BENCH MARK DISK,31 = SET IN A PAVEMENT SUCH AS STREET SIDEWALK CURB ETC.,2253
,20260103,http://www.ngs.noaa.gov/cgi-bin/ds_mark.prl?PidBox=JW0373,JW0373,2271,,,,WV,HARDY,NEEDMORE (2016),39 05 35.     (N),078 49 21.     (W),39.0930555556,-78.8225000000,,NAD 83,(1986),,SCALED,692.251,NAVD 88,,ADJUSTED,-32.388,GEOID18,691.803,979956.9,,,,,,,,2,0,,,,WV N,66060.,658610.,,,,,,,,B,1920,20100911,GOOD,GEOCAC,N,DD = SURVEY DISK,36 = SET IN A MASSIVE STRUCTURE,W VA 1920
,20260103,http://www.ngs.noaa.gov/cgi-bin/ds_mark.prl?PidBox=JX0136,JX0136,23,,,,WV,HARRISON,ROSEMONT (2016),39 16 23.     (N),080 12 55.     (W),39.2730555556,-80.2152777778,,NAD 83,(1986),,SCALED,312.274,NAVD 88,,ADJUSTED,-32.401,GEOID18,312.079,979992.9,,,,,,,,2,0,,,,WV N,86070.,538280.,,,,,,,,A,UNK,1943,MARK NOT FOUND,CGS,,Q = CHISELED SQUARE,66 = SET IN ROCK OUTCROP,
,20260103,http://www.ngs.noaa.gov/cgi-bin/ds_mark.prl?PidBox=HX0511,HX0511,23,,,,WV,WEBSTER,WEBSTER SPRINGS (2016),38 26 43.     (N),080 26 07.     (W),38.4452777778,-80.4352777778,,NAD 83,(1986),,SCALED,692.655,NAVD 88,,ADJUSTED,-30.943,GEOID18,692.122,979835.4,,,,,,,,2,0,,,,WV S,160560.,649300.,,,,,,,,B,UNK,1962,MARK NOT FOUND,CGS,,Q = CHISELED SQUARE,36 = SET IN A MASSIVE STRUCTURE,
,20260103,http://www.ngs.noaa.gov/cgi-bin/ds_mark.prl?PidBox=HX2801,HX2801,2302=H 1 USGS,,,,WV,POCAHONTAS,HILLSBORO (2016),38 08 08.2    (N),080 12 46.7    (W),38.1356111111,-80.2129722222,,NAD 83,(1986),,HD_HELD2,701.948,NAVD 88,,ADJUSTED,-30.957,GEOID18,701.367,979778.4,,,,,,,,1,2,,,,WV S,126332.,668993.,,,,,,,,D,1921,20080321,GOOD,GEOCAC,N,DB = BENCH MARK DISK,31 = SET IN A PAVEMENT SUCH AS STREET SIDEWALK CURB ETC.,H 1 WVA 2302 1921
,20260103,http://www.ngs.noaa.gov/cgi-bin/ds_mark.prl?PidBox=HX0429,HX0429,2308,,,,WV,RANDOLPH,PICKENS (2016),38 42 49.     (N),080 07 58.     (W),38.7136111111,-80.1327777778,,NAD 83,(1986),,SCALED,703.488,NAVD 88,,ADJUSTED,-30.859,GEOID18,702.959,979853.2,,,,,,,,2,0,,,,WV S,190550.,675420.,,,,,,,,C,1912,1962,GOOD,CGS,,DD = SURVEY DISK,80 = SET IN A BOULDER,2308 B 9 1912
,20260103,http://www.ngs.noaa.gov/cgi-bin/ds_mark.prl?PidBox=HW1911,HW1911,2311,,,,WV,RANDOLPH,BOWDEN (2016),38 53 05.     (N),079 42 37.     (W),38.8847222222,-79.7102777778,,NAD 83,(1986),,SCALED,704.761,NAVD 88,,ADJUSTED,-30.685,GEOID18,704.225,979844.4,,,,,,,,1,2,,,,WV S,209970.,711900.,,,,,,,,C,1921,1983,MARK NOT FOUND,NGS,,DD = SURVEY DISK,32 = SET IN A RETAINING WALL OR CONCRETE LEDGE,2311 W VA 1921 H
,20260103,http://www.ngs.noaa.gov/cgi-bin/ds_mark.prl?PidBox=HW1813,HW1813,2312,,,,WV,POCAHONTAS,MINNEHAHA SPRINGS (2016),38 09 55.     (N),079 59 09.     (W),38.1652777778,-79.9858333333,,NAD 83,(1986),,SCALED,704.889,NAVD 88,,ADJUSTED,-31.152,GEOID18,704.308,979781.7,,,,,,,,2,0,,,,WV S,129820.,688870.,,,,,,,,A,UNK,1934,GOOD,CGS,,DD = SURVEY DISK,66 = SET IN ROCK OUTCROP,2312
,20260103,http://www.ngs.noaa.gov/cgi-bin/ds_mark.prl?PidBox=HW2164,HW2164,2316.6,,,,WV,POCAHONTAS,CLOVER LICK (2016),38 21 13.     (N),079 57 23.     (W),38.3536111111,-79.9563888889,,NAD 83,(1986),,SCALED,706.311,NAVD 88,,ADJUSTED,-30.742,GEOID18,705.744,979802.9,,,,,,,,1,2,,,,WV S,150750.,691210.,,,,,,,,A,UNK,1935,GOOD,CGS,,Q = CHISELED SQUARE,66 = SET IN ROCK OUTCROP,
,20260103,http://www.ngs.noaa.gov/cgi-bin/ds_mark.prl?PidBox=HX0420,HX0420,2322,,,,WV,RANDOLPH,ADOLPH (2016),38 44 37.     (N),080 02 47.     (W),38.7436111111,-80.0463888889,,NAD 83,(1986),,SCALED,707.503,NAVD 88,,ADJUSTED,-30.820,GEOID18,706.971,979852.6,,,,,,,,2,0,,,,WV S,193950.,682900.,,,,,,,,C,1912,1962,GOOD,CGS,,DD = SURVEY DISK,80 = SET IN A BOULDER,2322 B 7 1912
,20260103,http://www.ngs.noaa.gov/cgi-bin/ds_mark.prl?PidBox=GX1415,GX1415,2331,,,,WV,MERCER,BLUEFIELD (2016),37 17 04.     (N),081 10 06.     (W),37.2844444444,-81.1683333333,,NAD 83,(1986),,SCALED,710.413,NAVD 88,,ADJUSTED,-30.881,GEOID18,709.778,979713.8,,,,,,,,1,2,,,,WV S,31580.,585070.,,,,,,,,B,1909,1934,GOOD,CGS,,DB = BENCH MARK DISK,36 = SET IN A MASSIVE STRUCTURE,2331
,20260103,http://www.ngs.noaa.gov/cgi-bin/ds_mark.prl?PidBox=GX1307,GX1307,2339,,,,WV,MERCER,BRAMWELL (2016),37 20 38.     (N),081 20 54.     (W),37.3438888889,-81.3483333333,,NAD 83,(1986),,SCALED,712.953,NAVD 88,,ADJUSTED,-30.876,GEOID18,712.314,979710.3,,,,,,,,2,0,,,,WV S,38230.,569130.,,,,,,,,A,1909,1935,GOOD,CGS,,DB = BENCH MARK DISK,66 = SET IN ROCK OUTCROP,2339
,20260103,http://www.ngs.noaa.gov/cgi-bin/ds_mark.prl?PidBox=JW0765,JW0765,2342,,,,WV,GRANT,GORMAN (2016),39 16 29.15   (N),079 21 52.96   (W),39.2747638889,-79.3647111111,,NAD 83,(1986),,HD_HELD1,713.996,NAVD 88,,ADJUSTED,-31.050,GEOID18,713.488,979891.4,,,,,,,,2,0,,,,WV N,86020.6,611673.7,,,,,,,,B,1916,20230521,GOOD,PROFLN,,DD = SURVEY DISK,36 = SET IN A MASSIVE STRUCTURE,2342
,20260103,http://www.ngs.noaa.gov/cgi-bin/ds_mark.prl?PidBox=HX0354,HX0354,2350,,,,WV,UPSHUR,ROCK CAVE (2016),38 45 32.     (N),080 15 17.     (W),38.7588888889,-80.2547222222,,NAD 83,(1986),,SCALED,716.186,NAVD 88,,ADJUSTED,-31.320,GEOID18,715.661,979871.6,,,,,,,,2,0,,,,WV S,195480.,664780.,,,,,,,,C,1911,1962,GOOD,CGS,,DD = SURVEY DISK,80 = SET IN A BOULDER,2350 1911
,20260103,http://www.ngs.noaa.gov/cgi-bin/ds_mark.prl?PidBox=HW1955,HW1955,2359,,,,WV,RANDOLPH,HARMAN (2016),38 55 21.     (N),079 31 30.     (W),38.9225000000,-79.5250000000,,NAD 83,(1986),,SCALED,719.218,NAVD 88,,ADJUSTED,-30.692,GEOID18,718.688,979867.4,,,,,,,,2,0,,,,WV S,214400.,727910.,,,,,,,,D,UNK,1934,GOOD,CGS,,DD = SURVEY DISK,30 = SET IN A LIGHT STRUCTURE,2359
,20260103,http://www.ngs.noaa.gov/cgi-bin/ds_mark.prl?PidBox=HW1811,HW1811,2359,,,,WV,POCAHONTAS,MINNEHAHA SPRINGS (2016),38 08 41.     (N),079 58 44.     (W),38.1447222222,-79.9788888889,,NAD 83,(1986),,SCALED,719.243,NAVD 88,,ADJUSTED,-31.203,GEOID18,718.651,979781.4,,,,,,,,2,0,,,,WV S,127540.,689500.,,,,,,,,C,UNK,1934,GOOD,CGS,,DD = SURVEY DISK,7 = SET IN TOP OF CONCRETE MONUMENT,2359
,20260103,http://www.ngs.noaa.gov/cgi-bin/ds_mark.prl?PidBox=JW0337,JW0337,24,,,,WV,MINERAL,BURLINGTON (2016),39 20 15.     (N),078 58 14.     (W),39.3375000000,-78.9705555556,,NAD 83,(1986),,SCALED,267.817,NAVD 88,,ADJUSTED,-32.303,GEOID18,267.655,980015.7,,,,,,,,2,0,,,,WV N,93110.,645640.,,,,,,,,B,UNK,1934,GOOD,CGS,,Q = CHISELED SQUARE,36 = SET IN A MASSIVE STRUCTURE,
,20260103,http://www.ngs.noaa.gov/cgi-bin/ds_mark.prl?PidBox=HY0489,HY0489,24 TH ST GAGE,,,,WV,CABELL,HUNTINGTON (2016),38 25 54.     (N),082 25 04.     (W),38.4316666667,-82.4177777778,,NAD 83,(1986),,SCALED,164.692,NAVD 88,,ADJUSTED,-33.164,GEOID18,164.581,979953.4,,,,,,,,2,0,,,,WV S,159850.,476220.,,,,,,,,B,UNK,1942,GOOD,CGS,,Z = SEE DESCRIPTION,36 = SET IN A MASSIVE STRUCTURE,
,20260103,http://www.ngs.noaa.gov/cgi-bin/ds_mark.prl?PidBox=GX2244,GX2244,240+00,,,,WV,LOGAN,LOGAN (2016),37 47 45.     (N),081 59 10.     (W),37.7958333333,-81.9861111111,,NAD 83,(1986),,SCALED,224.12,NAVD 88,,VERTCON3,-31.663,GEOID18,,,,,,,,,,,,,,,WV S,88790.,513150.,,,,,,,,D,UNK,20091020,MARK NOT FOUND,GEOCAC,,DD = SURVEY DISK,9 = POST (STONE OR PRECAST CONCRETE),240+00
,20260103,http://www.ngs.noaa.gov/cgi-bin/ds_mark.prl?PidBox=GX0831,GX0831,2420 B,,,,WV,FAYETTE,RAINELLE (2016),37 56 16.     (N),080 49 01.     (W),37.9377777778,-80.8169444444,,NAD 83,(1986),,SCALED,737.387,NAVD 88,,ADJUSTED,-31.007,GEOID18,736.764,979759.3,,,,,,,,2,0,,,,WV S,104100.,616090.,,,,,,,,B,1912,1961,GOOD,CGS,,DD = SURVEY DISK,36 = SET IN A MASSIVE STRUCTURE,2420 B
,20260103,http://www.ngs.noaa.gov/cgi-bin/ds_mark.prl?PidBox=GX0817,GX0817,2422 B,,,,WV,FAYETTE,MEADOW BRIDGE (2016),37 51 32.     (N),080 51 16.     (W),37.8588888889,-80.8544444444,,NAD 83,(1986),,SCALED,739.457,NAVD 88,,ADJUSTED,-31.104,GEOID18,738.838,979767.3,,,,,,,,2,0,,,,WV S,95340.,612810.,,,,,,,,B,1912,1961,GOOD,CGS,,DD = SURVEY DISK,65 = SET IN UNSPECIFIED ROCK OR BOULDER,2
,20260103,http://www.ngs.noaa.gov/cgi-bin/ds_mark.prl?PidBox=GX0836,GX0836,2425 B,,,,WV,GREENBRIER,RAINELLE (2016),37 58 03.     (N),080 46 42.     (W),37.9675000000,-80.7783333333,,NAD 83,(1986),,SCALED,738.999,NAVD 88,,ADJUSTED,-31.008,GEOID18,738.383,979771.2,,,,,,,,2,0,,,,WV S,107400.,619480.,,,,,,,,D,1912,1961,GOOD,CGS,,DD = SURVEY DISK,31 = SET IN A PAVEMENT SUCH AS STREET SIDEWALK CURB ETC.,2425 B 1912
,20260103,http://www.ngs.noaa.gov/cgi-bin/ds_mark.prl?PidBox=GX0912,GX0912,2430,,,,WV,GREENBRIER,DAWSON (2016),37 51 22.     (N),080 42 37.     (W),37.8561111111,-80.7102777778,,NAD 83,(1986),,SCALED,741.012,NAVD 88,,ADJUSTED,-31.156,GEOID18,740.385,979758.2,,,,,,,,2,0,,,,WV S,95060.,625500.,,,,,,,,B,1920,20140901,GOOD,GEOCAC,,DD = SURVEY DISK,65 = SET IN UNSPECIFIED ROCK OR BOULDER,2430 W VA 1920
,20260103,http://www.ngs.noaa.gov/cgi-bin/ds_mark.prl?PidBox=HW1808,HW1808,2438,,,,WV,POCAHONTAS,MOUNTAIN GROVE (2019),38 07 26.     (N),079 57 05.     (W),38.1238888889,-79.9513888889,,NAD 83,(1986),,SCALED,743.334,NAVD 88,,ADJUSTED,-31.282,GEOID18,742.716,979772.6,,,,,,,,2,0,,,,WV S,125260.,691940.,,,,,,,,C,UNK,1934,GOOD,CGS,,DD = SURVEY DISK,7 = SET IN TOP OF CONCRETE MONUMENT,2438
,20260103,http://www.ngs.noaa.gov/cgi-bin/ds_mark.prl?PidBox=HW3681,HW3681,2438 ECC,,,,WV,POCAHONTAS,MOUNTAIN GROVE (2019),38 07 26.04638(N),079 57 08.05655(W),38.1239017722,-79.9522379306,711.825,NAD 83,(2011),2010.00,ADJUSTED,743.14,NAVD 88,,LEVELING,-31.281,GEOID18,,,2.20,3.10,0.75,1.00,1.58,-0.20051704,,3,,876621.618,-4947447.872,3916711.619,WV S,125259.124,691863.737,+0 38 51.8,0.99981456,17,4220080.761,591836.951,+0 38 48.8,0.99970387,D,1992,1992,MONUMENTED,HARTMN,Y,I = METAL ROD,15 = METAL ROD DRIVEN INTO GROUND. SEE TEXT FOR ADDITIONAL INFORMATION.,
,20260103,http://www.ngs.noaa.gov/cgi-bin/ds_mark.prl?PidBox=JW0767,JW0767,2449,,,,WV,GRANT,TABLE ROCK (2016),39 15 48.41   (N),079 23 13.64   (W),39.2634472222,-79.3871222222,,NAD 83,(1986),,HD_HELD1,746.551,NAVD 88,,ADJUSTED,-31.012,GEOID18,746.015,979884.9,,,,,,,,2,0,,,,WV N,84761.6,609741.4,,,,,,,,D,UNK,1935,GOOD,CGS,,O = CHISELED CIRCLE,30 = SET IN A LIGHT STRUCTURE,
,20260103,http://www.ngs.noaa.gov/cgi-bin/ds_mark.prl?PidBox=GX0908,GX0908,2449,,,,WV,GREENBRIER,DAWSON (2016),37 49 36.     (N),080 43 14.     (W),37.8266666667,-80.7205555556,,NAD 83,(1986),,SCALED,746.844,NAVD 88,,ADJUSTED,-31.182,GEOID18,746.212,979759.4,,,,,,,,2,0,,,,WV S,91790.,624600.,,,,,,,,B,1920,20150822,GOOD,GEOCAC,N,DD = SURVEY DISK,36 = SET IN A MASSIVE STRUCTURE,W VA 2449 1920
,20260103,http://www.ngs.noaa.gov/cgi-bin/ds_mark.prl?PidBox=GX0926,GX0926,2461,,,,WV,GREENBRIER,RUPERT (2016),37 54 12.     (N),080 39 04.     (W),37.9033333333,-80.6511111111,,NAD 83,(1986),,SCALED,750.193,NAVD 88,,ADJUSTED,-31.126,GEOID18,749.564,979765.0,,,,,,,,2,0,,,,WV S,100320.,630680.,,,,,,,,D,1920,20150822,MARK NOT FOUND,GEOCAC,,DD = SURVEY DISK,31 = SET IN A PAVEMENT SUCH AS STREET SIDEWALK CURB ETC.,W VA 2461 1920
,20260103,http://www.ngs.noaa.gov/cgi-bin/ds_mark.prl?PidBox=GX0921,GX0921,2467,,,,WV,GREENBRIER,RUPERT (2016),37 55 16.     (N),080 41 24.     (W),37.9211111111,-80.6900000000,,NAD 83,(1986),,SCALED,752.018,NAVD 88,,ADJUSTED,-31.069,GEOID18,751.388,979766.8,,,,,,,,2,0,,,,WV S,102280.,627260.,,,,,,,,B,1920,1961,GOOD,CGS,,DD = SURVEY DISK,65 = SET IN UNSPECIFIED ROCK OR BOULDER,W VA 2467 1920
,20260103,http://www.ngs.noaa.gov/cgi-bin/ds_mark.prl?PidBox=HW2151,HW2151,2467.4,,,,WV,POCAHONTAS,CASS (2016),38 25 09.     (N),079 53 53.     (W),38.4191666667,-79.8980555556,,NAD 83,(1986),,SCALED,752.382,NAVD 88,,ADJUSTED,-30.622,GEOID18,751.776,979798.6,,,,,,,,1,2,,,,WV S,158080.,696220.,,,,,,,,B,UNK,1934,GOOD,CGS,,Q = CHISELED SQUARE,36 = SET IN A MASSIVE STRUCTURE,
,20260103,http://www.ngs.noaa.gov/cgi-bin/ds_mark.prl?PidBox=HW1807,HW1807,2476 8,,,,WV,POCAHONTAS,MOUNTAIN GROVE (2019),38 07 25.     (N),079 56 39.     (W),38.1236111111,-79.9441666667,,NAD 83,(1986),,SCALED,755.066,NAVD 88,,ADJUSTED,-31.295,GEOID18,754.441,979775.5,,,,,,,,2,0,,,,WV S,125240.,692570.,,,,,,,,D,UNK,20110702,MARK NOT FOUND,GEOCAC,,N = NAIL,30 = SET IN A LIGHT STRUCTURE,
,20260103,http://www.ngs.noaa.gov/cgi-bin/ds_mark.prl?PidBox=KY0887,KY0887,25 RJH,,,,WV,BROOKE,STEUBENVILLE EAST (2016),40 18 25.4    (N),080 36 00.9    (W),40.3070555556,-80.6002500000,,NAD 83,(1986),,HD_HELD2,203.532,NAVD 88,,ADJUSTED,-34.087,GEOID18,203.425,980095.9,,,,,,,,1,2,,,,WV N,201196.,506469.,,,,,,,,B,1956,20211215,GOOD,USPSQD,,DD = SURVEY DISK,36 = SET IN A MASSIVE STRUCTURE,TT 25 RJH 1956
,20260103,http://www.ngs.noaa.gov/cgi-bin/ds_mark.prl?PidBox=HX2190,HX2190,25 SM,,,,WV,LINCOLN,GRIFFITHSVILLE (2016),38 13 29.     (N),081 57 53.     (W),38.2247222222,-81.9647222222,,NAD 83,(1986),,SCALED,210.941,NAVD 88,,ADJUSTED,-32.974,GEOID18,210.791,979915.0,,,,,,,,2,0,,,,WV S,136370.,515530.,,,,,,,,A,1957,20060818,GOOD,GEOCAC,N,DB = BENCH MARK DISK,66 = SET IN ROCK OUTCROP,693 25 WSM 1957
,20260103,http://www.ngs.noaa.gov/cgi-bin/ds_mark.prl?PidBox=HX0906,HX0906,2505,,,,WV,POCAHONTAS,LOBELIA (2016),38 08 02.     (N),080 17 38.     (W),38.1338888889,-80.2938888889,,NAD 83,(1986),,SCALED,763.719,NAVD 88,,ADJUSTED,-30.814,GEOID18,763.090,979780.8,,,,,,,,2,0,,,,WV S,126080.,661900.,,,,,,,,C,UNK,1962,GOOD,CGS,,DD = SURVEY DISK,80 = SET IN A BOULDER,2505
,20260103,http://www.ngs.noaa.gov/cgi-bin/ds_mark.prl?PidBox=HW1915,HW1915,2574,,,,WV,RANDOLPH,GLADY (2016),38 48 53.     (N),079 44 25.     (W),38.8147222222,-79.7402777778,,NAD 83,(1986),,SCALED,784.976,NAVD 88,,ADJUSTED,-30.586,GEOID18,784.381,979842.5,,,,,,,,2,0,,,,WV S,202160.,709400.,,,,,,,,B,1905,19971020,GOOD,USACE,,DB = BENCH MARK DISK,38 = SET IN THE ABUTMENT OR PIER OF A LARGE BRIDGE,2574
,20260103,http://www.ngs.noaa.gov/cgi-bin/ds_mark.prl?PidBox=HW1947,HW1947,2627.2,,,,WV,RANDOLPH,BOWDEN (2016),38 53 42.     (N),079 38 51.     (W),38.8950000000,-79.6475000000,,NAD 83,(1986),,SCALED,801.041,NAVD 88,,ADJUSTED,-30.656,GEOID18,800.440,979849.7,,,,,,,,2,0,,,,WV S,211190.,717330.,,,,,,,,B,UNK,1934,GOOD,CGS,,Q = CHISELED SQUARE,36 = SET IN A MASSIVE STRUCTURE,
,20260103,http://www.ngs.noaa.gov/cgi-bin/ds_mark.prl?PidBox=HX0288,HX0288,2701,,,,WV,RANDOLPH,PICKENS (2016),38 39 10.1    (N),080 12 41.1    (W),38.6528055556,-80.2114166667,,NAD 83,(1986),,HD_HELD2,823.172,NAVD 88,,ADJUSTED,-30.842,GEOID18,822.530,979820.1,,,,,,,,2,0,,,,WV S,183738.,668641.,,,,,,,,B,1912,1962,GOOD,CGS,,DD = SURVEY DISK,36 = SET IN A MASSIVE STRUCTURE,2701
,20260103,http://www.ngs.noaa.gov/cgi-bin/ds_mark.prl?PidBox=HW1940,HW1940,2732.1,,,,WV,POCAHONTAS,DURBIN (2016),38 33 00.     (N),079 49 56.     (W),38.5500000000,-79.8322222222,,NAD 83,(1986),,SCALED,833.025,NAVD 88,,ADJUSTED,-30.448,GEOID18,832.360,979802.8,,,,,,,,1,2,,,,WV S,172680.,701790.,,,,,,,,B,UNK,1983,MARK NOT FOUND,NGS,,Q = CHISELED SQUARE,36 = SET IN A MASSIVE STRUCTURE,
,20260103,http://www.ngs.noaa.gov/cgi-bin/ds_mark.prl?PidBox=JV2920,JV2920,275,,,,WV,JEFFERSON,HARPERS FERRY (2016),39 19 24.     (N),077 43 51.     (W),39.3233333333,-77.7308333333,,NAD 83,(1986),,SCALED,83.466,NAVD 88,,ADJUSTED,-33.416,GEOID18,83.417,980042.0,,,,,,,,1,2,,,,WV N,92910.,752540.,,,,,,,,B,1907,1929,GOOD,CGS,,DB = BENCH MARK DISK,36 = SET IN A MASSIVE STRUCTURE,275 ADJ
,20260103,http://www.ngs.noaa.gov/cgi-bin/ds_mark.prl?PidBox=JV3935,JV3935,275 RESET,,,,WV,JEFFERSON,HARPERS FERRY (2016),39 19 21.42   (N),077 43 48.87   (W),39.3226166667,-77.7302416667,,NAD 83,(1986),,HD_HELD1,83.916,NAVD 88,,ADJUSTED,-33.412,GEOID18,83.867,980042.2,,,,,,,,1,2,,,,WV N,92827.3,752592.4,,,,,,,,B,1976,20230814,GOOD,USPSQD,N,DV = VERTICAL CONTROL DISK,36 = SET IN A MASSIVE STRUCTURE,275 ADJ 1929 USGS RESET 1976
,20260103,http://www.ngs.noaa.gov/cgi-bin/ds_mark.prl?PidBox=GX0822,GX0822,2770 B,,,,WV,FAYETTE,RAINELLE (2016),37 52 46.     (N),080 48 32.     (W),37.8794444444,-80.8088888889,,NAD 83,(1986),,SCALED,844.255,NAVD 88,,ADJUSTED,-31.056,GEOID18,843.541,979754.4,,,,,,,,2,0,,,,WV S,97630.,616810.,,,,,,,,A,1912,1961,GOOD,CGS,,DD = SURVEY DISK,66 = SET IN ROCK OUTCROP,2770 3 B 2
,20260103,http://www.ngs.noaa.gov/cgi-bin/ds_mark.prl?PidBox=HW2002,HW2002,2783,,,,WV,POCAHONTAS,DURBIN (2016),38 32 32.     (N),079 47 04.     (W),38.5422222222,-79.7844444444,,NAD 83,(1986),,SCALED,848.573,NAVD 88,,ADJUSTED,-30.489,GEOID18,847.896,979800.9,,,,,,,,2,0,,,,WV S,171870.,705970.,,,,,,,,A,UNK,1966,GOOD,USGS,,Q = CHISELED SQUARE,66 = SET IN ROCK OUTCROP,
