FeatureId,DATA_DATE,DATA_SRCE,PID,NAME,HT_MOD,CORS_ID,PACS_SACS,STATE,COUNTY,QUAD,LATITUDE,LONGITUDE,DEC_LAT,DEC_LON,ELLIP_HT,POS_DATUM,DATUM_TAG,POS_EPOCH,POS_SRCE,ORTHO_HT,VERT_DATUM,VERT_EPOCH,VERT_SRCE,GEOID_HT,GEOID_MOD,DYNAMIC_HT,MODEL_GRAV,N_ACC_HZ,N_ACC_EH,N_ACC_STDN,N_ACC_STDE,N_ACC_STDH,N_ACC_CORR,POS_ORDER,VERT_ORDER,VERT_CLASS,ECEF_X,ECEF_Y,ECEF_Z,SPC_ZONE,SPC_NORTH,SPC_EAST,SPC_CONV,SPC_CSF,UTM_ZONE,UTM_NORTH,UTM_EAST,UTM_CONV,UTM_CSF,STABILITY,FIRST_RECV,LAST_RECV,LAST_COND,LAST_RECBY,SAT_USE,MARKER,SETTING,STAMPING
,20260103,http://www.ngs.noaa.gov/cgi-bin/ds_mark.prl?PidBox=PY1112,PY1112,00 MDC,,,,WY,PARK,NORRIS JUNCTION (2017),44 43 39.     (N),110 41 48.     (W),44.7275000000,-110.6966666667,,NAD 83,(1986),,SCALED,2296.058,NAVD 88,,ADJUSTED,-8.569,GEOID18,2294.657,979924.1,,,,,,,,1,2,,,,WYWC,471430.,445800.,,,,,,,,D,1976,1976,MONUMENTED,USGS,,DB = BENCH MARK DISK,31 = SET IN A PAVEMENT SUCH AS STREET SIDEWALK CURB ETC.,00 MDC 1976 7528
,20260103,http://www.ngs.noaa.gov/cgi-bin/ds_mark.prl?PidBox=PY1038,PY1038,1,,,,WY,PARK,TOWER JUNCTION (2017),44 55 12.8    (N),110 24 20.7    (W),44.9202222222,-110.4057500000,,NAD 83,(1986),,HD_HELD2,1857.798,NAVD 88,,ADJUSTED,-8.470,GEOID18,1856.796,980011.9,,,,,,,,1,2,,,,WYWC,492333.,469276.,,,,,,,,B,UNK,20100814,GOOD,GEOCAC,,DD = SURVEY DISK,36 = SET IN A MASSIVE STRUCTURE,18
,20260103,http://www.ngs.noaa.gov/cgi-bin/ds_mark.prl?PidBox=MQ0191,MQ0191,1 BE,,,,WY,SWEETWATER,PERU (2018),41 33 16.     (N),109 30 52.     (W),41.5544444444,-109.5144444444,,NAD 83,(1986),,SCALED,1883.198,NAVD 88,,ADJUSTED,-14.919,GEOID18,1881.575,979695.1,,,,,,,,1,2,,,,WYWC,117380.,536230.,,,,,,,,C,1958,1983,GOOD,NGS,,DD = SURVEY DISK,7 = SET IN TOP OF CONCRETE MONUMENT,1 B E 1958
,20260103,http://www.ngs.noaa.gov/cgi-bin/ds_mark.prl?PidBox=PW0592,PW0592,1 GRS,,,,WY,SHERIDAN,ARVADA NE (2017),44 41 23.     (N),106 04 57.     (W),44.6897222222,-106.0825000000,,NAD 83,(1986),,SCALED,1160.088,NAVD 88,,POSTED,-14.921,GEOID18,1159.67,980220.5,,,,,,,,,,,,,WYEC,566150.,499150.,,,,,,,,B,1971,1971,MONUMENTED,USGS,Y,DB = BENCH MARK DISK,46 = COPPER-CLAD STEEL ROD W/O SLEEVE (10 FT.+),1 GRS 1971
,20260103,http://www.ngs.noaa.gov/cgi-bin/ds_mark.prl?PidBox=PY1048,PY1048,1 GWM,,,,WY,PARK,LAMAR CANYON (2017),44 54 51.     (N),110 16 53.     (W),44.9141666667,-110.2813888889,,NAD 83,(1986),,SCALED,1993.890,NAVD 88,,ADJUSTED,-8.208,GEOID18,1992.832,980014.9,,,,,,,,1,2,,,,WYWC,491470.,479080.,,,,,,,,A,1941,1987,GOOD,NGS,,DB = BENCH MARK DISK,66 = SET IN ROCK OUTCROP,1 GWM 1941 6537
,20260103,http://www.ngs.noaa.gov/cgi-bin/ds_mark.prl?PidBox=AA2133,AA2133,1 JM,,,,WY,WESTON,DUPONT CREEK (2018),43 44 18.98329(N),104 37 00.53538(W),43.7386064694,-104.6168153833,1324.026,NAD 83,(2011),2010.00,ADJUSTED,1339.1,NAVD 88,,GPS OBS,-15.064,GEOID18,,,2.00,5.12,0.93,0.66,2.61,0.03798195,,,,-1165004.515,-4467146.165,4388069.014,WY E,359854.719,244291.899,+0 22 48.6,0.99975405,13,4842912.440,530856.052,+0 15 53.7,0.99961171,C,1975,19990901,GOOD,WYDT,Y,DD = SURVEY DISK,7 = SET IN TOP OF CONCRETE MONUMENT,1 JM 1975
,20260103,http://www.ngs.noaa.gov/cgi-bin/ds_mark.prl?PidBox=MO0738,MO0738,1 JPU,,,,WY,ALBANY,SYBILLE SPRINGS (2017),41 39 28.     (N),105 32 04.     (W),41.6577777778,-105.5344444444,,NAD 83,(1986),,SCALED,2221.920,NAVD 88,,ADJUSTED,-11.585,GEOID18,2220.109,979726.6,,,,,,,,2,0,,,,WY E,128640.,169370.,,,,,,,,C,1953,1966,GOOD,CGS,,DD = SURVEY DISK,7 = SET IN TOP OF CONCRETE MONUMENT,1 JPU 1953 7286
,20260103,http://www.ngs.noaa.gov/cgi-bin/ds_mark.prl?PidBox=OV0188,OV0188,1 JR,,,,WY,FREMONT,LYSITE (2017),43 16 22.     (N),107 40 17.     (W),43.2727777778,-107.6713888889,,NAD 83,(1986),,SCALED,1626.157,NAVD 88,,ADJUSTED,-13.833,GEOID18,1625.091,979908.5,,,,,,,,1,2,,,,WYWC,308520.,687560.,,,,,,,,C,1950,1982,GOOD,NGS,,DD = SURVEY DISK,7 = SET IN TOP OF CONCRETE MONUMENT,1 JR 1950 5332
,20260103,http://www.ngs.noaa.gov/cgi-bin/ds_mark.prl?PidBox=PY0760,PY0760,1 MDC,,,,WY,TETON,MADISON JUNCTION (2017),44 38 43.6    (N),110 51 28.9    (W),44.6454444444,-110.8580277778,,NAD 83,(1986),,HD_HELD2,2082.614,NAVD 88,,ADJUSTED,-8.850,GEOID18,2081.384,979952.6,,,,,,,,1,2,,,,WY W,560758.,738546.,,,,,,,,B,1975,1987,GOOD,NGS,,DD = SURVEY DISK,46 = COPPER-CLAD STEEL ROD W/O SLEEVE (10 FT.+),1 MDC 1975 6828
,20260103,http://www.ngs.noaa.gov/cgi-bin/ds_mark.prl?PidBox=PY0978,PY0978,1 MDC,,,,WY,PARK,NORRIS JUNCTION (2017),44 43 36.     (N),110 41 21.     (W),44.7266666667,-110.6891666667,,NAD 83,(1986),,SCALED,2283.238,NAVD 88,,ADJUSTED,-8.564,GEOID18,2281.841,979922.8,,,,,,,,1,2,,,,WYWC,471320.,446390.,,,,,,,,C,1976,20100630,GOOD,GEOCAC,Y,DB = BENCH MARK DISK,32 = SET IN A RETAINING WALL OR CONCRETE LEDGE,1 MDC 1976 7486
,20260103,http://www.ngs.noaa.gov/cgi-bin/ds_mark.prl?PidBox=PY1115,PY1115,1 MDC,,,,WY,TETON,LAKE (2017),44 32 38.     (N),110 25 10.     (W),44.5438888889,-110.4194444444,,NAD 83,(1986),,SCALED,2370.088,NAVD 88,,ADJUSTED,-8.604,GEOID18,2368.502,979863.3,,,,,,,,1,2,,,,WY W,549240.,773290.,,,,,,,,B,1977,1977,MONUMENTED,USGS,,DD = SURVEY DISK,46 = COPPER-CLAD STEEL ROD W/O SLEEVE (10 FT.+),1 MDC 1977 7771
,20260103,http://www.ngs.noaa.gov/cgi-bin/ds_mark.prl?PidBox=PY1031,PY1031,1 RDS,,,,WY,PARK,TOWER JUNCTION (2017),44 56 09.1    (N),110 26 31.6    (W),44.9358611111,-110.4421111111,,NAD 83,(1986),,HD_HELD2,1992.084,NAVD 88,,ADJUSTED,-8.481,GEOID18,1991.003,980003.5,,,,,,,,1,2,,,,WYWC,494130.,466442.,,,,,,,,C,1955,20090522,GOOD,GEOCAC,,DB = BENCH MARK DISK,80 = SET IN A BOULDER,1 RDS 1955 6531
,20260103,http://www.ngs.noaa.gov/cgi-bin/ds_mark.prl?PidBox=OU0458,OU0458,1 RGB,,,,WY,CONVERSE,FIDDLEBACK RANCH (2017),43 25 19.     (N),105 02 50.     (W),43.4219444444,-105.0472222222,,NAD 83,(1986),,SCALED,1327.935,NAVD 88,,POSTED,-15.472,GEOID18,1327.24,980053.0,,,,,,,,,,,,,WY E,324530.,209670.,,,,,,,,B,1971,1971,MONUMENTED,USGS,Y,DB = BENCH MARK DISK,46 = COPPER-CLAD STEEL ROD W/O SLEEVE (10 FT.+),1 RGB 1971
,20260103,http://www.ngs.noaa.gov/cgi-bin/ds_mark.prl?PidBox=NT0673,NT0673,1 SC,,,,WY,LINCOLN,FONTENELLE RESERVOIR SW (2017),42 00 12.99   (N),110 09 57.30   (W),42.0036083333,-110.1659166667,,NAD 83,(1986),,HD_HELD1,2040.311,NAVD 88,,ADJUSTED,-14.156,GEOID18,2038.613,979717.3,,,,,,,,3,,,,,WY W,266981.8,793158.7,,,,,,,,D,1969,1969,MONUMENTED,USGS,Y,DD = SURVEY DISK,15 = METAL ROD DRIVEN INTO GROUND. SEE TEXT FOR ADDITIONAL INFORMATION.,6690 1 SC 1969
,20260103,http://www.ngs.noaa.gov/cgi-bin/ds_mark.prl?PidBox=OU0490,OU0490,1 SJS,,,,WY,CONVERSE,TIN CAN LAKE (2018),43 15 41.     (N),105 09 28.     (W),43.2613888889,-105.1577777778,,NAD 83,(1986),,SCALED,1436.853,NAVD 88,,ADJUSTED,-15.443,GEOID18,1436.064,980020.9,,,,,,,,3,,,,,WY E,306690.,200720.,,,,,,,,D,1970,1970,MONUMENTED,USGS,,DB = BENCH MARK DISK,15 = METAL ROD DRIVEN INTO GROUND. SEE TEXT FOR ADDITIONAL INFORMATION.,1 SJS 1970
,20260103,http://www.ngs.noaa.gov/cgi-bin/ds_mark.prl?PidBox=NS0332,NS0332,1 TET,,,,WY,SWEETWATER,EDEN RESERVOIR WEST (2017),42 08 31.     (N),109 27 40.     (W),42.1419444444,-109.4611111111,,NAD 83,(1986),,SCALED,2024.924,NAVD 88,,ADJUSTED,-14.262,GEOID18,2023.233,979715.1,,,,,,,,3,,,,,WYWC,182590.,541220.,,,,,,,,C,1968,1968,MONUMENTED,USGS,Y,DB = BENCH MARK DISK,34 = SET IN THE FOOTINGS OF SMALL/MEDIUM STRUCTURES,1 TET 1968
,20260103,http://www.ngs.noaa.gov/cgi-bin/ds_mark.prl?PidBox=MO0735,MO0735,1 VLG,,,,WY,ALBANY,SYBILLE SPRINGS (2017),41 41 06.     (N),105 31 19.     (W),41.6850000000,-105.5219444444,,NAD 83,(1986),,SCALED,2183.056,NAVD 88,,ADJUSTED,-11.597,GEOID18,2181.302,979739.6,,,,,,,,2,0,,,,WY E,131650.,170420.,,,,,,,,A,1953,1966,GOOD,CGS,,DD = SURVEY DISK,66 = SET IN ROCK OUTCROP,1 VLG 1953 7159
,20260103,http://www.ngs.noaa.gov/cgi-bin/ds_mark.prl?PidBox=MO0495,MO0495,1 WEW,,,,WY,LARAMIE,FARTHING (2017),41 30 05.     (N),105 13 13.     (W),41.5013888889,-105.2202777778,,NAD 83,(1986),,SCALED,2005.973,NAVD 88,,ADJUSTED,-13.183,GEOID18,2004.284,979709.0,,,,,,,,1,2,,,,WY E,111200.,195520.,,,,,,,,B,1953,1954,GOOD,CGS,,DD = SURVEY DISK,36 = SET IN A MASSIVE STRUCTURE,1 W E W 1953 6578
,20260103,http://www.ngs.noaa.gov/cgi-bin/ds_mark.prl?PidBox=OU0050,OU0050,1 WWF,,,,WY,WESTON,NEWCASTLE (2017),43 51 20.8    (N),104 12 08.9    (W),43.8557777778,-104.2024722222,,NAD 83,(1986),,HD_HELD2,1329.049,NAVD 88,,ADJUSTED,-14.052,GEOID18,1328.454,980124.3,,,,,,,,1,2,,,,WY E,373178.,277517.,,,,,,,,D,1949,20180723,GOOD,NGS,Y,DB = BENCH MARK DISK,31 = SET IN A PAVEMENT SUCH AS STREET SIDEWALK CURB ETC.,4358 1 WWF 1949
,20260103,http://www.ngs.noaa.gov/cgi-bin/ds_mark.prl?PidBox=PY1142,PY1142,10 1,,,,WY,TETON,OLD FAITHFUL (2017),44 27 26.     (N),110 50 13.     (W),44.4572222222,-110.8369444444,,NAD 83,(1986),,SCALED,2238.668,NAVD 88,,ADJUSTED,-8.923,GEOID18,2237.229,979894.3,,,,,,,,1,2,,,,WY W,539830.,740030.,,,,,,,,C,1986,1986,GOOD,USGS,,DD = SURVEY DISK,7 = SET IN TOP OF CONCRETE MONUMENT,10-1
,20260103,http://www.ngs.noaa.gov/cgi-bin/ds_mark.prl?PidBox=PY0954,PY0954,10 11,,,,WY,PARK,NORRIS JUNCTION (2017),44 42 18.     (N),110 44 42.     (W),44.7050000000,-110.7450000000,,NAD 83,(1986),,SCALED,2239.203,NAVD 88,,ADJUSTED,-8.666,GEOID18,2237.836,979926.1,,,,,,,,1,2,,,,WYWC,469020.,441910.,,,,,,,,C,1986,1987,GOOD,NGS,,DB = BENCH MARK DISK,7 = SET IN TOP OF CONCRETE MONUMENT,10-11 1986
,20260103,http://www.ngs.noaa.gov/cgi-bin/ds_mark.prl?PidBox=PY0955,PY0955,10 12,,,,WY,PARK,NORRIS JUNCTION (2017),44 43 36.     (N),110 41 18.     (W),44.7266666667,-110.6883333333,,NAD 83,(1986),,SCALED,2284.485,NAVD 88,,ADJUSTED,-8.564,GEOID18,2283.087,979922.8,,,,,,,,1,2,,,,WYWC,471320.,446450.,,,,,,,,C,1986,1987,GOOD,NGS,,DB = BENCH MARK DISK,7 = SET IN TOP OF CONCRETE MONUMENT,10-12 1986
,20260103,http://www.ngs.noaa.gov/cgi-bin/ds_mark.prl?PidBox=PY0977,PY0977,10 17,,,,WY,PARK,MAMMOTH (2017),44 55 55.     (N),110 43 38.     (W),44.9319444444,-110.7272222222,,NAD 83,(1986),,SCALED,2217.602,NAVD 88,,ADJUSTED,-8.521,GEOID18,2216.328,979962.6,,,,,,,,1,2,,,,WYWC,494200.,443930.,,,,,,,,C,1986,1987,GOOD,NGS,,DB = BENCH MARK DISK,7 = SET IN TOP OF CONCRETE MONUMENT,10-17 1986
,20260103,http://www.ngs.noaa.gov/cgi-bin/ds_mark.prl?PidBox=PY1016,PY1016,10 19,,,,WY,PARK,BLACKTAIL DEER CREEK (2017),44 56 58.     (N),110 36 55.     (W),44.9494444444,-110.6152777778,,NAD 83,(1986),,SCALED,2029.064,NAVD 88,,ADJUSTED,-8.591,GEOID18,2027.966,980003.1,,,,,,,,1,2,,,,WYWC,495940.,452810.,,,,,,,,C,1986,1987,GOOD,NGS,,DB = BENCH MARK DISK,7 = SET IN TOP OF CONCRETE MONUMENT,10-19 1986
,20260103,http://www.ngs.noaa.gov/cgi-bin/ds_mark.prl?PidBox=PY0778,PY0778,10 2,,,,WY,TETON,OLD FAITHFUL (2017),44 27 39.4    (N),110 50 42.1    (W),44.4609444444,-110.8450277778,,NAD 83,(1986),,HD_HELD2,2238.969,NAVD 88,,ADJUSTED,-8.931,GEOID18,2237.537,979897.6,,,,,,,,1,2,,,,WY W,540247.,739386.,,,,,,,,C,1986,1987,GOOD,NGS,,DB = BENCH MARK DISK,7 = SET IN TOP OF CONCRETE MONUMENT,10-2 1986
,20260103,http://www.ngs.noaa.gov/cgi-bin/ds_mark.prl?PidBox=PY0971,PY0971,10 26,,,,WY,PARK,CRYSTAL FALLS (2017),44 44 08.     (N),110 30 15.     (W),44.7355555556,-110.5041666667,,NAD 83,(1986),,SCALED,2405.516,NAVD 88,,ADJUSTED,-8.526,GEOID18,2403.974,979889.0,,,,,,,,1,2,,,,WYWC,471980.,461060.,,,,,,,,C,1986,1987,GOOD,NGS,,DB = BENCH MARK DISK,7 = SET IN TOP OF CONCRETE MONUMENT,10-26 1986
,20260103,http://www.ngs.noaa.gov/cgi-bin/ds_mark.prl?PidBox=PY0875,PY0875,10 27,,,,WY,PARK,CANYON VILLAGE (2017),44 40 12.6    (N),110 28 17.5    (W),44.6701666667,-110.4715277778,,NAD 83,(1986),,HD_HELD2,2375.046,NAVD 88,,ADJUSTED,-8.661,GEOID18,2373.486,979875.2,,,,,,,,1,2,,,,WYWC,464655.,463495.,,,,,,,,C,1986,20080919,GOOD,GEOCAC,Y,DB = BENCH MARK DISK,7 = SET IN TOP OF CONCRETE MONUMENT,10-27 1986
,20260103,http://www.ngs.noaa.gov/cgi-bin/ds_mark.prl?PidBox=PY1135,PY1135,10 34,,,,WY,TETON,CRAIG PASS (2017),44 26 04.     (N),110 38 39.     (W),44.4344444444,-110.6441666667,,NAD 83,(1986),,SCALED,2551.548,NAVD 88,,ADJUSTED,-8.701,GEOID18,2549.764,979826.1,,,,,,,,1,2,,,,WY W,537170.,755350.,,,,,,,,C,1986,1986,GOOD,USGS,,DD = SURVEY DISK,7 = SET IN TOP OF CONCRETE MONUMENT,10-34
,20260103,http://www.ngs.noaa.gov/cgi-bin/ds_mark.prl?PidBox=PY1141,PY1141,10 35,,,,WY,TETON,CRAIG PASS (2017),44 26 59.     (N),110 41 30.     (W),44.4497222222,-110.6916666667,,NAD 83,(1986),,SCALED,2462.684,NAVD 88,,ADJUSTED,-8.773,GEOID18,2461.007,979847.9,,,,,,,,1,2,,,,WY W,538900.,751580.,,,,,,,,C,1986,1986,GOOD,USGS,,DD = SURVEY DISK,7 = SET IN TOP OF CONCRETE MONUMENT,10-35
,20260103,http://www.ngs.noaa.gov/cgi-bin/ds_mark.prl?PidBox=PV0599,PV0599,10 GRS,,,,WY,CAMPBELL,SPOTTED HORSE (2017),44 42 01.     (N),105 45 26.     (W),44.7002777778,-105.7572222222,,NAD 83,(1986),,SCALED,1312.435,NAVD 88,,POSTED,-14.532,GEOID18,1311.97,980215.3,,,,,,,,,,,,,WY E,466730.,153200.,,,,,,,,B,1971,1971,MONUMENTED,USGS,Y,DB = BENCH MARK DISK,46 = COPPER-CLAD STEEL ROD W/O SLEEVE (10 FT.+),10 GRS 1971
,20260103,http://www.ngs.noaa.gov/cgi-bin/ds_mark.prl?PidBox=NR0067,NR0067,10 HA,,,,WY,CARBON,T B RANCH (2017),42 02 50.     (N),106 11 14.     (W),42.0472222222,-106.1872222222,,NAD 83,(1986),,SCALED,2083.553,NAVD 88,,ADJUSTED,-12.888,GEOID18,2081.817,979714.7,,,,,,,,2,0,,,,WYEC,272460.,494880.,,,,,,,,C,1948,1959,GOOD,CGS,,DD = SURVEY DISK,7 = SET IN TOP OF CONCRETE MONUMENT,10 HA 1948
,20260103,http://www.ngs.noaa.gov/cgi-bin/ds_mark.prl?PidBox=OV0172,OV0172,10 JR,,,,WY,FREMONT,COTTONWOOD PASS (2017),43 23 11.     (N),107 34 17.     (W),43.3863888889,-107.5713888889,,NAD 83,(1986),,SCALED,1808.765,NAVD 88,,ADJUSTED,-12.780,GEOID18,1807.618,979921.4,,,,,,,,2,0,,,,WYWC,321250.,695500.,,,,,,,,C,1950,1966,GOOD,CGS,,DD = SURVEY DISK,7 = SET IN TOP OF CONCRETE MONUMENT,10 JR 1950 5931
,20260103,http://www.ngs.noaa.gov/cgi-bin/ds_mark.prl?PidBox=PY0809,PY0809,10 MDC,,,,WY,TETON,MOUNT SHERIDAN (2017),44 17 38.     (N),110 36 48.     (W),44.2938888889,-110.6133333333,,NAD 83,(1986),,SCALED,2376.850,NAVD 88,,ADJUSTED,-8.572,GEOID18,2375.240,979854.9,,,,,,,,1,2,,,,WY W,521540.,757700.,,,,,,,,C,1977,1987,GOOD,NGS,,DD = SURVEY DISK,32 = SET IN A RETAINING WALL OR CONCRETE LEDGE,10 MDC 1977 7793
,20260103,http://www.ngs.noaa.gov/cgi-bin/ds_mark.prl?PidBox=PY0969,PY0969,10 MDC,,,,WY,PARK,CRYSTAL FALLS (2017),44 44 06.     (N),110 30 52.     (W),44.7350000000,-110.5144444444,,NAD 83,(1986),,SCALED,2419.572,NAVD 88,,ADJUSTED,-8.516,GEOID18,2418.018,979887.4,,,,,,,,1,2,,,,WYWC,471930.,460250.,,,,,,,,C,1976,1987,GOOD,NGS,,DB = BENCH MARK DISK,80 = SET IN A BOULDER,10 MDC 1976 7933
,20260103,http://www.ngs.noaa.gov/cgi-bin/ds_mark.prl?PidBox=PY0910,PY0910,10 RDS,,,,WY,PARK,BEACH LAKE (2017),44 36 44.22233(N),110 36 51.17643(W),44.6122839806,-110.6142156750,2490.891,NAD 83,(2011),2010.00,ADJUSTED,2499.608,NAVD 88,,ADJUSTED,-8.725,GEOID18,2497.932,979856.2,2.28,9.09,0.76,1.05,4.64,0.13770099,,1,2,-1601840.140,-4258418.270,4458528.453,WYWC,458471.847,452033.431,-1 18 34.1,0.99981617,12,4939953.907,530610.069,+0 16 15.4,0.99961152,C,1955,1987,GOOD,NGS,Y,DB = BENCH MARK DISK,80 = SET IN A BOULDER,10 RDS 1955 8195
,20260103,http://www.ngs.noaa.gov/cgi-bin/ds_mark.prl?PidBox=OU0468,OU0468,10 RGB,,,,WY,WESTON,PINEY CANYON SE (2018),43 36 41.     (N),105 01 06.     (W),43.6113888889,-105.0183333333,,NAD 83,(1986),,SCALED,1366.606,NAVD 88,,POSTED,-15.257,GEOID18,1365.93,980074.1,,,,,,,,,,,,,WY E,345590.,211970.,,,,,,,,B,1971,1971,MONUMENTED,USGS,Y,DB = BENCH MARK DISK,46 = COPPER-CLAD STEEL ROD W/O SLEEVE (10 FT.+),10 RGB 1971
,20260103,http://www.ngs.noaa.gov/cgi-bin/ds_mark.prl?PidBox=MR0880,MR0880,10 SC,,,,WY,LINCOLN,GRAHAM RESERVOIR (2017),41 52 46.     (N),110 15 53.     (W),41.8794444444,-110.2647222222,,NAD 83,(1986),,SCALED,2027.335,NAVD 88,,ADJUSTED,-14.380,GEOID18,2025.602,979695.7,,,,,,,,3,,,,,WY W,253200.,784940.,,,,,,,,B,1969,1969,MONUMENTED,USGS,Y,DB = BENCH MARK DISK,46 = COPPER-CLAD STEEL ROD W/O SLEEVE (10 FT.+),10 SC 1969
,20260103,http://www.ngs.noaa.gov/cgi-bin/ds_mark.prl?PidBox=OU0500,OU0500,10 SJS,,,,WY,CONVERSE,COLTER DRAW (2017),43 12 39.     (N),105 00 46.     (W),43.2108333333,-105.0127777778,,NAD 83,(1986),,SCALED,1364.402,NAVD 88,,ADJUSTED,-15.426,GEOID18,1363.659,980028.2,,,,,,,,3,,,,,WY E,301090.,212500.,,,,,,,,D,1970,1970,MONUMENTED,USGS,,DB = BENCH MARK DISK,15 = METAL ROD DRIVEN INTO GROUND. SEE TEXT FOR ADDITIONAL INFORMATION.,10 SJS 1970
,20260103,http://www.ngs.noaa.gov/cgi-bin/ds_mark.prl?PidBox=NS0349,NS0349,10 TET,,,,WY,SWEETWATER,MONUMENT BUTTE NE (2017),42 08 24.     (N),109 46 31.     (W),42.1400000000,-109.7752777778,,NAD 83,(1986),,SCALED,2102.877,NAVD 88,,ADJUSTED,-14.203,GEOID18,2101.110,979706.9,,,,,,,,3,,,,,WYWC,182640.,515250.,,,,,,,,B,1968,1968,MONUMENTED,USGS,Y,DB = BENCH MARK DISK,46 = COPPER-CLAD STEEL ROD W/O SLEEVE (10 FT.+),10 TET 1968
,20260103,http://www.ngs.noaa.gov/cgi-bin/ds_mark.prl?PidBox=MO0426,MO0426,10 WEW,,,,WY,PLATTE,INDIAN GUIDE (2017),41 40 38.     (N),105 15 01.     (W),41.6772222222,-105.2502777778,,NAD 83,(1986),,SCALED,2189.673,NAVD 88,,ADJUSTED,-12.639,GEOID18,2187.945,979753.1,,,,,,,,2,0,,,,WY E,130730.,193040.,,,,,,,,A,1953,1966,GOOD,CGS,,DD = SURVEY DISK,66 = SET IN ROCK OUTCROP,10 WEW 1953 7180
,20260103,http://www.ngs.noaa.gov/cgi-bin/ds_mark.prl?PidBox=MO0374,MO0374,10 WWC,,,,WY,PLATTE,SQUAW ROCK (2017),41 53 46.     (N),105 11 25.     (W),41.8961111111,-105.1902777778,,NAD 83,(1986),,SCALED,1602.332,NAVD 88,,ADJUSTED,-12.905,GEOID18,1601.235,979880.9,,,,,,,,2,0,,,,WY E,155040.,198040.,,,,,,,,C,1951,1966,GOOD,CGS,,DD = SURVEY DISK,7 = SET IN TOP OF CONCRETE MONUMENT,10 WWC 1951 5254
,20260103,http://www.ngs.noaa.gov/cgi-bin/ds_mark.prl?PidBox=MO0624,MO0624,101,,,,WY,ALBANY,LARAMIE SW (2017),41 18 45.     (N),105 39 47.     (W),41.3125000000,-105.6630555556,,NAD 83,(1986),,SCALED,2216.376,NAVD 88,,ADJUSTED,-11.495,GEOID18,2214.448,979672.9,,,,,,,,1,2,,,,WY E,90340.,158440.,,,,,,,,C,UNK,1956,GOOD,CGS,,DD = SURVEY DISK,7 = SET IN TOP OF CONCRETE MONUMENT,101
,20260103,http://www.ngs.noaa.gov/cgi-bin/ds_mark.prl?PidBox=MO0626,MO0626,102,,,,WY,ALBANY,LARAMIE SW (2017),41 18 22.56760(N),105 39 47.57037(W),41.3062687778,-105.6632139917,,NAD 83,(1993),,ADJUSTED,2215.492,NAVD 88,,ADJUSTED,-11.490,GEOID18,2213.563,979672.4,,,,,,,2,1,2,,,,WY E,89651.129,158419.411,-0 19 40.0,0.99961320,13,4572968.812,444481.514,-0 26 16.0,0.99963793,D,1934,1977,GOOD,NGS,,DD = SURVEY DISK,9 = POST (STONE OR PRECAST CONCRETE),102
,20260103,http://www.ngs.noaa.gov/cgi-bin/ds_mark.prl?PidBox=MP0549,MP0549,10330 VA,,,,WY,CARBON,PHANTOM LAKE (2017),41 17 28.79337(N),106 24 53.12542(W),41.2913314917,-106.4147570611,,NAD 83,(1993),,ADJUSTED,3148.5,NAVD 88,,VERTCON3,-10.331,GEOID18,,,,,,,,,3,,,,,,WYEC,188280.373,476938.910,+0 36 22.3,0.99951833,13,4572063.639,381540.631,-0 56 01.3,0.99977270,A,1905,1959,GOOD,USGS,,DB = BENCH MARK DISK,66 = SET IN ROCK OUTCROP,VA 10 330 10-6-05
,20260103,http://www.ngs.noaa.gov/cgi-bin/ds_mark.prl?PidBox=MP0561,MP0561,10980 VA,,,,WY,CARBON,BLACKHALL MOUNTAIN (2017),41 01 59.36226(N),106 41 03.53259(W),41.0331561833,-106.6843146083,,NAD 83,(1993),,ADJUSTED,3347.,NAVD 88,,SCALED,-10.737,GEOID18,,,,,,,,,2,,,,,,WYEC,159405.900,454574.690,+0 25 33.9,0.99945103,13,4543804.155,358414.715,-1 06 21.3,0.99984673,A,UNK,UNK,MONUMENTED,USGS,,DB = BENCH MARK DISK,66 = SET IN ROCK OUTCROP,
,20260103,http://www.ngs.noaa.gov/cgi-bin/ds_mark.prl?PidBox=PV0600,PV0600,11 GRS,,,,WY,CAMPBELL,RECLUSE (2017),44 41 09.     (N),105 43 54.     (W),44.6858333333,-105.7316666667,,NAD 83,(1986),,SCALED,1260.823,NAVD 88,,POSTED,-14.505,GEOID18,1260.38,980224.8,,,,,,,,,,,,,WY E,465110.,155210.,,,,,,,,B,1971,1971,MONUMENTED,USGS,Y,DB = BENCH MARK DISK,46 = COPPER-CLAD STEEL ROD W/O SLEEVE (10 FT.+),11 GRS 1971
,20260103,http://www.ngs.noaa.gov/cgi-bin/ds_mark.prl?PidBox=NR0068,NR0068,11 HA,,,,WY,CARBON,T B RANCH (2017),42 03 36.     (N),106 11 26.     (W),42.0600000000,-106.1905555556,,NAD 83,(1986),,SCALED,2089.166,NAVD 88,,ADJUSTED,-12.868,GEOID18,2087.429,979716.1,,,,,,,,2,0,,,,WYEC,273870.,494590.,,,,,,,,C,1948,1959,GOOD,CGS,,DD = SURVEY DISK,7 = SET IN TOP OF CONCRETE MONUMENT,11 HA 1948
,20260103,http://www.ngs.noaa.gov/cgi-bin/ds_mark.prl?PidBox=MO0415,MO0415,11 JPU,,,,WY,ALBANY,INDIAN GUIDE (2017),41 43 40.     (N),105 19 32.     (W),41.7277777778,-105.3255555556,,NAD 83,(1986),,SCALED,1919.305,NAVD 88,,ADJUSTED,-12.269,GEOID18,1917.834,979786.9,,,,,,,,2,0,,,,WY E,136360.,186780.,,,,,,,,A,1953,1966,GOOD,CGS,,DD = SURVEY DISK,66 = SET IN ROCK OUTCROP,11 JPU 1953 6294
,20260103,http://www.ngs.noaa.gov/cgi-bin/ds_mark.prl?PidBox=OV0170,OV0170,11 JR,,,,WY,FREMONT,COTTONWOOD PASS (2017),43 24 51.     (N),107 33 46.     (W),43.4141666667,-107.5627777778,,NAD 83,(1986),,SCALED,1895.758,NAVD 88,,ADJUSTED,-12.488,GEOID18,1894.568,979924.2,,,,,,,,2,0,,,,WYWC,324350.,696150.,,,,,,,,C,1950,1966,GOOD,CGS,,DD = SURVEY DISK,7 = SET IN TOP OF CONCRETE MONUMENT,11 JR 1950 6216
,20260103,http://www.ngs.noaa.gov/cgi-bin/ds_mark.prl?PidBox=PY0817,PY0817,11 MDC,,,,WY,TETON,LEWIS CANYON (2017),44 13 52.     (N),110 39 11.     (W),44.2311111111,-110.6530555556,,NAD 83,(1986),,SCALED,2349.189,NAVD 88,,ADJUSTED,-8.567,GEOID18,2347.595,979854.6,,,,,,,,1,2,,,,WY W,514590.,754490.,,,,,,,,A,1977,1987,GOOD,NGS,,DD = SURVEY DISK,66 = SET IN ROCK OUTCROP,11 MDC 1977 7702
,20260103,http://www.ngs.noaa.gov/cgi-bin/ds_mark.prl?PidBox=PY0973,PY0973,11 MDC,,,,WY,PARK,CANYON VILLAGE (2017),44 44 10.4    (N),110 29 31.1    (W),44.7362222222,-110.4919722222,,NAD 83,(1986),,HD_HELD2,2414.597,NAVD 88,,ADJUSTED,-8.535,GEOID18,2413.049,979889.2,,,,,,,,1,2,,,,WYWC,472029.,462031.,,,,,,,,C,1976,20100814,GOOD,GEOCAC,,DB = BENCH MARK DISK,80 = SET IN A BOULDER,7917 11 MDC 1976
,20260103,http://www.ngs.noaa.gov/cgi-bin/ds_mark.prl?PidBox=PY0912,PY0912,11 RDS,,,,WY,PARK,MARY LAKE (2017),44 36 20.     (N),110 38 19.     (W),44.6055555556,-110.6386111111,,NAD 83,(1986),,SCALED,2521.222,NAVD 88,,ADJUSTED,-8.740,GEOID18,2519.519,979850.9,,,,,,,,1,2,,,,WYWC,457770.,450080.,,,,,,,,A,1955,1987,GOOD,NGS,,DB = BENCH MARK DISK,66 = SET IN ROCK OUTCROP,11 RDS 1955
,20260103,http://www.ngs.noaa.gov/cgi-bin/ds_mark.prl?PidBox=OU0469,OU0469,11 RGB,,,,WY,WESTON,PINEY CANYON NE (2017),43 38 17.     (N),105 00 32.     (W),43.6380555556,-105.0088888889,,NAD 83,(1986),,SCALED,1342.444,NAVD 88,,POSTED,-15.241,GEOID18,1341.78,980080.9,,,,,,,,,,,,,WY E,348550.,212730.,,,,,,,,B,1971,1971,MONUMENTED,USGS,Y,DB = BENCH MARK DISK,46 = COPPER-CLAD STEEL ROD W/O SLEEVE (10 FT.+),11 RGB 1971
,20260103,http://www.ngs.noaa.gov/cgi-bin/ds_mark.prl?PidBox=MR0881,MR0881,11 SC,,,,WY,LINCOLN,OPAL (2017),41 51 47.     (N),110 16 38.     (W),41.8630555556,-110.2772222222,,NAD 83,(1986),,SCALED,2042.510,NAVD 88,,ADJUSTED,-14.398,GEOID18,2040.762,979693.9,,,,,,,,3,,,,,WY W,251390.,783900.,,,,,,,,D,1969,1969,MONUMENTED,USGS,Y,DB = BENCH MARK DISK,15 = METAL ROD DRIVEN INTO GROUND. SEE TEXT FOR ADDITIONAL INFORMATION.,11 SC 1969
,20260103,http://www.ngs.noaa.gov/cgi-bin/ds_mark.prl?PidBox=OU0501,OU0501,11 SJS,,,,WY,CONVERSE,SPLIT HILL (2017),43 12 11.     (N),104 59 24.     (W),43.2030555556,-104.9900000000,,NAD 83,(1986),,SCALED,1350.099,NAVD 88,,ADJUSTED,-15.425,GEOID18,1349.363,980027.6,,,,,,,,3,,,,,WY E,300230.,214360.,,,,,,,,D,1970,1970,MONUMENTED,USGS,,DB = BENCH MARK DISK,15 = METAL ROD DRIVEN INTO GROUND. SEE TEXT FOR ADDITIONAL INFORMATION.,11 SJS 1970
,20260103,http://www.ngs.noaa.gov/cgi-bin/ds_mark.prl?PidBox=NS0351,NS0351,11 TET,,,,WY,SWEETWATER,TWELVEMILE SINK (2017),42 06 54.     (N),109 47 34.     (W),42.1150000000,-109.7927777778,,NAD 83,(1986),,SCALED,2078.372,NAVD 88,,ADJUSTED,-14.233,GEOID18,2076.626,979708.1,,,,,,,,3,,,,,WYWC,179880.,513770.,,,,,,,,B,1968,1968,MONUMENTED,USGS,Y,DB = BENCH MARK DISK,46 = COPPER-CLAD STEEL ROD W/O SLEEVE (10 FT.+),11 TET 1968
,20260103,http://www.ngs.noaa.gov/cgi-bin/ds_mark.prl?PidBox=MO0423,MO0423,11 WEW,,,,WY,PLATTE,INDIAN GUIDE (2017),41 42 11.     (N),105 15 42.     (W),41.7030555556,-105.2616666667,,NAD 83,(1986),,SCALED,2189.992,NAVD 88,,ADJUSTED,-12.565,GEOID18,2188.284,979762.3,,,,,,,,2,0,,,,WY E,133600.,192090.,,,,,,,,A,1953,1966,GOOD,CGS,,DD = SURVEY DISK,66 = SET IN ROCK OUTCROP,11 WEW 1953 7181
,20260103,http://www.ngs.noaa.gov/cgi-bin/ds_mark.prl?PidBox=OW0322,OW0322,11000=KENT,,,,WY,FREMONT,CASTLE ROCK (2017),43 44 59.19855(N),109 28 58.02374(W),43.7497773750,-109.4827843722,,NAD 83,(1993),,ADJUSTED,3357.6,NAVD 88,,VERTCON3,-7.852,GEOID18,,,,,,,,,1,,,,,,WYWC,361209.853,540983.326,-0 30 24.3,0.99945534,12,4845200.303,622152.116,+1 02 57.5,0.99978353,C,1905,1967,GOOD,USGS,,DB = BENCH MARK DISK,80 = SET IN A BOULDER,11000 VA BANNON WB
,20260103,http://www.ngs.noaa.gov/cgi-bin/ds_mark.prl?PidBox=MP0545,MP0545,11090 VA,,,,WY,CARBON,SAND LAKE (2017),41 24 28.86934(N),106 15 55.05996(W),41.4080192611,-106.2652944333,,NAD 83,(1993),,ADJUSTED,3382.4,NAVD 88,,VERTCON3,-10.207,GEOID18,,,,,,,,,3,,,,,,WYEC,201382.510,489298.299,+0 42 23.3,0.99950692,13,4584825.101,394244.639,-0 50 13.1,0.99973764,A,1904,1904,MONUMENTED,USGS,,DB = BENCH MARK DISK,66 = SET IN ROCK OUTCROP,VA 11909 1904
,20260103,http://www.ngs.noaa.gov/cgi-bin/ds_mark.prl?PidBox=MO1272,MO1272,111,,,,WY,ALBANY,HUTTON LAKE (2017),41 12 56.24222(N),105 43 07.06575(W),41.2156228389,-105.7186293750,,NAD 83,(1993),,ADJUSTED,2207.89,NAVD 88,,VERTCON3,-11.377,GEOID18,,,,,,,,,3,,,,,,WY E,79612.681,153714.984,-0 21 49.3,0.99961945,13,4562942.618,439759.348,-0 28 24.7,0.99964466,D,1934,1948,GOOD,WYGS,,DD = SURVEY DISK,9 = POST (STONE OR PRECAST CONCRETE),111
,20260103,http://www.ngs.noaa.gov/cgi-bin/ds_mark.prl?PidBox=NT0652,NT0652,11134=TRIPLE,,,,WY,SUBLETTE,TRIPLE PEAK (2017),42 47 33.61634(N),110 34 45.77398(W),42.7926712056,-110.5793816611,,NAD 83,(1993),,ADJUSTED,3393.0,NAVD 88,,VERTCON3,-10.458,GEOID18,,,,,,,,,3,,,,,,WY W,354742.256,759418.505,-0 20 13.2,0.99942757,12,4737877.483,534398.977,+0 17 08.7,0.99961456,A,UNK,1974,GOOD,USGS,,DB = BENCH MARK DISK,66 = SET IN ROCK OUTCROP,11134
,20260103,http://www.ngs.noaa.gov/cgi-bin/ds_mark.prl?PidBox=PY1037,PY1037,12 1,,,,WY,PARK,TOWER JUNCTION (2017),44 55 09.9    (N),110 24 43.0    (W),44.9194166667,-110.4119444444,,NAD 83,(1986),,HD_HELD2,1900.799,NAVD 88,,ADJUSTED,-8.480,GEOID18,1899.781,980014.4,,,,,,,,1,2,,,,WYWC,492254.,468786.,,,,,,,,C,1986,20090522,GOOD,GEOCAC,Y,DB = BENCH MARK DISK,7 = SET IN TOP OF CONCRETE MONUMENT,12-1 1986
,20260103,http://www.ngs.noaa.gov/cgi-bin/ds_mark.prl?PidBox=PY1051,PY1051,12 4,,,,WY,PARK,MOUNT HORNADAY (2017),44 53 39.6    (N),110 14 07.4    (W),44.8943333333,-110.2353888889,,NAD 83,(1986),,HD_HELD2,1996.574,NAVD 88,,ADJUSTED,-8.169,GEOID18,1995.492,980003.5,,,,,,,,1,2,,,,WYWC,489196.,482674.,,,,,,,,C,1986,20090520,GOOD,GEOCAC,Y,DB = BENCH MARK DISK,7 = SET IN TOP OF CONCRETE MONUMENT,12-4 1986
,20260103,http://www.ngs.noaa.gov/cgi-bin/ds_mark.prl?PidBox=PY1064,PY1064,12 5,,,,WY,PARK,ABIATHAR PEAK (2018),44 54 19.6    (N),110 06 58.1    (W),44.9054444444,-110.1161388889,,NAD 83,(1986),,HD_HELD2,2074.009,NAVD 88,,ADJUSTED,-7.898,GEOID18,2072.881,979998.5,,,,,,,,1,2,,,,WYWC,490265.,492114.,,,,,,,,C,1986,20090520,GOOD,GEOCAC,,DB = BENCH MARK DISK,7 = SET IN TOP OF CONCRETE MONUMENT,12-5 1986
,20260103,http://www.ngs.noaa.gov/cgi-bin/ds_mark.prl?PidBox=MQ0494,MQ0494,12 ARD,,,,WY,SWEETWATER,SAGE CREEK BASIN (2017),41 15 28.16087(N),109 27 06.23135(W),41.2578224639,-109.4517309306,,NAD 83,(1993),,ADJUSTED,2078.3,NAVD 88,,VERTCON3,-14.570,GEOID18,,,,,,,,,3,,,,,,WYWC,84389.598,541193.881,-0 27 46.0,0.99965645,12,4568534.259,629705.168,+1 01 16.1,0.99980705,C,1955,1955,MONUMENTED,USGS,,DD = SURVEY DISK,7 = SET IN TOP OF CONCRETE MONUMENT,6814 12 ARD 1955
,20260103,http://www.ngs.noaa.gov/cgi-bin/ds_mark.prl?PidBox=PV0601,PV0601,12 GRS,,,,WY,CAMPBELL,RECLUSE (2017),44 42 20.     (N),105 43 04.     (W),44.7055555556,-105.7177777778,,NAD 83,(1986),,SCALED,1274.711,NAVD 88,,POSTED,-14.505,GEOID18,1274.27,980229.4,,,,,,,,,,,,,WY E,467290.,156330.,,,,,,,,B,1971,1971,MONUMENTED,USGS,Y,DB = BENCH MARK DISK,46 = COPPER-CLAD STEEL ROD W/O SLEEVE (10 FT.+),12 GRS 1971
,20260103,http://www.ngs.noaa.gov/cgi-bin/ds_mark.prl?PidBox=NR0070,NR0070,12 HA,,,,WY,CARBON,T B RANCH (2017),42 04 41.     (N),106 11 26.     (W),42.0780555556,-106.1905555556,,NAD 83,(1986),,SCALED,2092.556,NAVD 88,,ADJUSTED,-12.820,GEOID18,2090.822,979718.6,,,,,,,,2,0,,,,WYEC,275880.,494560.,,,,,,,,C,1948,1959,GOOD,CGS,,DD = SURVEY DISK,7 = SET IN TOP OF CONCRETE MONUMENT,12 HA 1948
,20260103,http://www.ngs.noaa.gov/cgi-bin/ds_mark.prl?PidBox=MO0412,MO0412,12 JPU,,,,WY,ALBANY,POE MOUNTAIN (2017),41 45 23.     (N),105 18 44.     (W),41.7563888889,-105.3122222222,,NAD 83,(1986),,SCALED,1852.183,NAVD 88,,ADJUSTED,-12.334,GEOID18,1850.792,979804.8,,,,,,,,2,0,,,,WY E,139530.,187900.,,,,,,,,A,1953,1966,GOOD,CGS,,DD = SURVEY DISK,66 = SET IN ROCK OUTCROP,12 JPU 1953 6074
,20260103,http://www.ngs.noaa.gov/cgi-bin/ds_mark.prl?PidBox=OV0169,OV0169,12 JR,,,,WY,FREMONT,COTTONWOOD PASS (2017),43 25 00.     (N),107 34 43.     (W),43.4166666667,-107.5786111111,,NAD 83,(1986),,SCALED,1897.004,NAVD 88,,ADJUSTED,-12.528,GEOID18,1895.820,979927.2,,,,,,,,2,0,,,,WYWC,324610.,694860.,,,,,,,,C,1950,1966,GOOD,CGS,,DD = SURVEY DISK,7 = SET IN TOP OF CONCRETE MONUMENT,12 JR 1950 6220
,20260103,http://www.ngs.noaa.gov/cgi-bin/ds_mark.prl?PidBox=PY0825,PY0825,12 MDC,,,,WY,TETON,LEWIS CANYON (2017),44 09 56.     (N),110 39 59.     (W),44.1655555556,-110.6663888889,,NAD 83,(1986),,SCALED,2205.346,NAVD 88,,ADJUSTED,-8.536,GEOID18,2203.936,979899.3,,,,,,,,1,2,,,,WY W,507310.,753370.,,,,,,,,C,1977,1987,GOOD,NGS,,DD = SURVEY DISK,80 = SET IN A BOULDER,12 MDC 1977 7231
,20260103,http://www.ngs.noaa.gov/cgi-bin/ds_mark.prl?PidBox=PY1007,PY1007,12 MDC,,,,WY,PARK,MOUNT WASHBURN (2017),44 45 23.     (N),110 28 50.     (W),44.7563888889,-110.4805555556,,NAD 83,(1986),,SCALED,2492.052,NAVD 88,,ADJUSTED,-8.486,GEOID18,2490.426,979874.6,,,,,,,,1,2,,,,WYWC,474250.,462980.,,,,,,,,C,1976,1987,GOOD,NGS,,DB = BENCH MARK DISK,80 = SET IN A BOULDER,12 MDC 1976 8171
,20260103,http://www.ngs.noaa.gov/cgi-bin/ds_mark.prl?PidBox=PY0914,PY0914,12 RDS,,,,WY,TETON,MARY LAKE (2017),44 35 49.     (N),110 40 50.     (W),44.5969444444,-110.6805555556,,NAD 83,(1986),,SCALED,2244.967,NAVD 88,,ADJUSTED,-8.806,GEOID18,2243.529,979896.7,,,,,,,,1,2,,,,WY W,555250.,752590.,,,,,,,,C,1955,1987,GOOD,NGS,,DD = SURVEY DISK,80 = SET IN A BOULDER,12 RDS 1955 7360
,20260103,http://www.ngs.noaa.gov/cgi-bin/ds_mark.prl?PidBox=OU0470,OU0470,12 RGB,,,,WY,WESTON,DARLINGTON DRAW WEST (2018),43 38 51.     (N),104 58 45.     (W),43.6475000000,-104.9791666667,,NAD 83,(1986),,SCALED,1326.611,NAVD 88,,POSTED,-15.252,GEOID18,1325.96,980083.4,,,,,,,,,,,,,WY E,349600.,215130.,,,,,,,,B,1971,1971,MONUMENTED,USGS,Y,DB = BENCH MARK DISK,46 = COPPER-CLAD STEEL ROD W/O SLEEVE (10 FT.+),12 RGB 1971
,20260103,http://www.ngs.noaa.gov/cgi-bin/ds_mark.prl?PidBox=MR0882,MR0882,12 SC,,,,WY,LINCOLN,OPAL (2017),41 51 01.     (N),110 17 14.     (W),41.8502777778,-110.2872222222,,NAD 83,(1986),,SCALED,2046.991,NAVD 88,,ADJUSTED,-14.410,GEOID18,2045.237,979692.7,,,,,,,,3,,,,,WY W,249970.,783070.,,,,,,,,D,1969,1969,MONUMENTED,USGS,Y,DB = BENCH MARK DISK,15 = METAL ROD DRIVEN INTO GROUND. SEE TEXT FOR ADDITIONAL INFORMATION.,12 SC 1969
,20260103,http://www.ngs.noaa.gov/cgi-bin/ds_mark.prl?PidBox=OU0502,OU0502,12 SJS,,,,WY,CONVERSE,SPLIT HILL (2017),43 11 19.     (N),104 58 27.     (W),43.1886111111,-104.9741666667,,NAD 83,(1986),,SCALED,1355.335,NAVD 88,,ADJUSTED,-15.418,GEOID18,1354.594,980026.8,,,,,,,,3,,,,,WY E,298620.,215650.,,,,,,,,D,1970,1970,MONUMENTED,USGS,,DB = BENCH MARK DISK,15 = METAL ROD DRIVEN INTO GROUND. SEE TEXT FOR ADDITIONAL INFORMATION.,12 SJS 1970
,20260103,http://www.ngs.noaa.gov/cgi-bin/ds_mark.prl?PidBox=NS0353,NS0353,12 TET,,,,WY,SWEETWATER,TWELVEMILE SINK (2017),42 05 46.     (N),109 49 23.     (W),42.0961111111,-109.8230555556,,NAD 83,(1986),,SCALED,2049.480,NAVD 88,,ADJUSTED,-14.248,GEOID18,2047.772,979715.4,,,,,,,,3,,,,,WYWC,177810.,511240.,,,,,,,,B,1968,1968,MONUMENTED,USGS,Y,DB = BENCH MARK DISK,46 = COPPER-CLAD STEEL ROD W/O SLEEVE (10 FT.+),12 TET 1968
,20260103,http://www.ngs.noaa.gov/cgi-bin/ds_mark.prl?PidBox=MO0421,MO0421,12 WEW,,,,WY,PLATTE,INDIAN GUIDE (2017),41 42 59.     (N),105 15 41.     (W),41.7163888889,-105.2613888889,,NAD 83,(1986),,SCALED,2158.083,NAVD 88,,ADJUSTED,-12.567,GEOID18,2156.408,979767.2,,,,,,,,2,0,,,,WY E,135080.,192120.,,,,,,,,A,1953,1966,GOOD,CGS,,DD = SURVEY DISK,66 = SET IN ROCK OUTCROP,12 WEW 1953 7077
,20260103,http://www.ngs.noaa.gov/cgi-bin/ds_mark.prl?PidBox=PY0896,PY0896,13 3,,,,WY,PARK,SYLVAN LAKE (2017),44 29 49.     (N),110 11 43.     (W),44.4969444444,-110.1952777778,,NAD 83,(1986),,SCALED,2602.876,NAVD 88,,ADJUSTED,-7.846,GEOID18,2601.134,979853.5,,,,,,,,1,2,,,,WYWC,444980.,485060.,,,,,,,,C,1986,1987,GOOD,NGS,,DB = BENCH MARK DISK,7 = SET IN TOP OF CONCRETE MONUMENT,13-3 1986
,20260103,http://www.ngs.noaa.gov/cgi-bin/ds_mark.prl?PidBox=PV0602,PV0602,13 GRS,,,,WY,CAMPBELL,RECLUSE (2017),44 44 16.     (N),105 43 12.     (W),44.7377777778,-105.7200000000,,NAD 83,(1986),,SCALED,1270.251,NAVD 88,,POSTED,-14.541,GEOID18,1269.82,980230.1,,,,,,,,,,,,,WY E,470880.,156180.,,,,,,,,B,1971,1971,MONUMENTED,USGS,Y,DB = BENCH MARK DISK,46 = COPPER-CLAD STEEL ROD W/O SLEEVE (10 FT.+),13 GRS 1971
,20260103,http://www.ngs.noaa.gov/cgi-bin/ds_mark.prl?PidBox=NR0071,NR0071,13 HA,,,,WY,CARBON,T B RANCH (2017),42 05 34.     (N),106 11 00.     (W),42.0927777778,-106.1833333333,,NAD 83,(1986),,SCALED,2104.250,NAVD 88,,ADJUSTED,-12.766,GEOID18,2102.514,979722.0,,,,,,,,2,0,,,,WYEC,277520.,495140.,,,,,,,,A,1948,1959,GOOD,CGS,,DD = SURVEY DISK,66 = SET IN ROCK OUTCROP,13 HA 1948
,20260103,http://www.ngs.noaa.gov/cgi-bin/ds_mark.prl?PidBox=MO0409,MO0409,13 JPU,,,,WY,ALBANY,POE MOUNTAIN (2017),41 46 30.     (N),105 18 21.     (W),41.7750000000,-105.3058333333,,NAD 83,(1986),,SCALED,1827.193,NAVD 88,,ADJUSTED,-12.353,GEOID18,1825.842,979817.2,,,,,,,,2,0,,,,WY E,141600.,188430.,,,,,,,,A,1953,1966,GOOD,CGS,,DD = SURVEY DISK,66 = SET IN ROCK OUTCROP,13 JPU 1953 5992
,20260103,http://www.ngs.noaa.gov/cgi-bin/ds_mark.prl?PidBox=OV0168,OV0168,13 JR,,,,WY,FREMONT,COTTONWOOD PASS (2017),43 25 20.     (N),107 35 32.     (W),43.4222222222,-107.5922222222,,NAD 83,(1986),,SCALED,1853.549,NAVD 88,,ADJUSTED,-12.532,GEOID18,1852.392,979929.4,,,,,,,,2,0,,,,WYWC,325210.,693750.,,,,,,,,C,1950,1966,GOOD,CGS,,DD = SURVEY DISK,7 = SET IN TOP OF CONCRETE MONUMENT,13 JR 1950 6078
,20260103,http://www.ngs.noaa.gov/cgi-bin/ds_mark.prl?PidBox=PY0828,PY0828,13 MDC,,,,WY,TETON,LEWIS CANYON (2017),44 09 06.     (N),110 40 31.     (W),44.1516666667,-110.6752777778,,NAD 83,(1986),,SCALED,2134.362,NAVD 88,,ADJUSTED,-8.550,GEOID18,2133.003,979904.9,,,,,,,,1,2,,,,WY W,505770.,752650.,,,,,,,,C,1977,1987,GOOD,NGS,,DD = SURVEY DISK,35 = SET IN A MAT FOUNDATION OR CONCRETE SLAB OTHER THAN PAVEMENT,13 MDC 1977 6998
,20260103,http://www.ngs.noaa.gov/cgi-bin/ds_mark.prl?PidBox=PY1004,PY1004,13 MDC,,,,WY,PARK,MOUNT WASHBURN (2017),44 46 07.     (N),110 27 20.     (W),44.7686111111,-110.4555555556,,NAD 83,(1986),,SCALED,2629.036,NAVD 88,,ADJUSTED,-8.495,GEOID18,2627.283,979854.6,,,,,,,,1,2,,,,WYWC,475570.,464990.,,,,,,,,A,1976,1987,GOOD,NGS,,DB = BENCH MARK DISK,66 = SET IN ROCK OUTCROP,13 MDC 1976 8620
,20260103,http://www.ngs.noaa.gov/cgi-bin/ds_mark.prl?PidBox=PY0915,PY0915,13 RDS,,,,WY,TETON,MARY LAKE (2017),44 35 46.     (N),110 43 57.     (W),44.5961111111,-110.7325000000,,NAD 83,(1986),,SCALED,2225.716,NAVD 88,,ADJUSTED,-8.842,GEOID18,2224.318,979909.6,,,,,,,,1,2,,,,WY W,555190.,748460.,,,,,,,,C,1955,1987,GOOD,NGS,,DD = SURVEY DISK,80 = SET IN A BOULDER,13 RDS 1955 7297
,20260103,http://www.ngs.noaa.gov/cgi-bin/ds_mark.prl?PidBox=OU0471,OU0471,13 RGB,,,,WY,WESTON,DARLINGTON DRAW WEST (2018),43 40 29.     (N),104 58 55.     (W),43.6747222222,-104.9819444444,,NAD 83,(1986),,SCALED,1354.413,NAVD 88,,POSTED,-15.211,GEOID18,1353.75,980085.6,,,,,,,,,,,,,WY E,352630.,214900.,,,,,,,,B,1971,1971,MONUMENTED,USGS,Y,DB = BENCH MARK DISK,46 = COPPER-CLAD STEEL ROD W/O SLEEVE (10 FT.+),13 RGB 1971
,20260103,http://www.ngs.noaa.gov/cgi-bin/ds_mark.prl?PidBox=MR0883,MR0883,13 SC,,,,WY,LINCOLN,OPAL (2017),41 50 17.     (N),110 17 53.     (W),41.8380555556,-110.2980555556,,NAD 83,(1986),,SCALED,2044.575,NAVD 88,,ADJUSTED,-14.420,GEOID18,2042.820,979691.5,,,,,,,,3,,,,,WY W,248610.,782170.,,,,,,,,D,1969,1969,MONUMENTED,USGS,Y,DB = BENCH MARK DISK,15 = METAL ROD DRIVEN INTO GROUND. SEE TEXT FOR ADDITIONAL INFORMATION.,13 SC 1969
,20260103,http://www.ngs.noaa.gov/cgi-bin/ds_mark.prl?PidBox=OU0503,OU0503,13 SJS,,,,WY,CONVERSE,SPLIT HILL (2017),43 10 23.     (N),104 58 44.     (W),43.1730555556,-104.9788888889,,NAD 83,(1986),,SCALED,1402.882,NAVD 88,,ADJUSTED,-15.403,GEOID18,1402.116,980025.4,,,,,,,,3,,,,,WY E,296900.,215270.,,,,,,,,D,1970,1970,MONUMENTED,USGS,,DB = BENCH MARK DISK,15 = METAL ROD DRIVEN INTO GROUND. SEE TEXT FOR ADDITIONAL INFORMATION.,13 SJS 1970
,20260103,http://www.ngs.noaa.gov/cgi-bin/ds_mark.prl?PidBox=NS0356,NS0356,13 TET,,,,WY,SWEETWATER,TWELVEMILE SINK (2017),42 04 51.     (N),109 51 03.     (W),42.0808333333,-109.8508333333,,NAD 83,(1986),,SCALED,1992.184,NAVD 88,,ADJUSTED,-14.263,GEOID18,1990.545,979728.4,,,,,,,,3,,,,,WYWC,176140.,508920.,,,,,,,,B,1968,1968,MONUMENTED,USGS,Y,DB = BENCH MARK DISK,46 = COPPER-CLAD STEEL ROD W/O SLEEVE (10 FT.+),13 TET 1968
,20260103,http://www.ngs.noaa.gov/cgi-bin/ds_mark.prl?PidBox=MO0418,MO0418,13 WEW,,,,WY,ALBANY,INDIAN GUIDE (2017),41 43 16.     (N),105 17 37.     (W),41.7211111111,-105.2936111111,,NAD 83,(1986),,SCALED,1935.915,NAVD 88,,ADJUSTED,-12.426,GEOID18,1934.424,979782.6,,,,,,,,2,0,,,,WY E,135610.,189440.,,,,,,,,A,1953,1966,GOOD,CGS,,DD = SURVEY DISK,66 = SET IN ROCK OUTCROP,13 WEW 1953 6348
,20260103,http://www.ngs.noaa.gov/cgi-bin/ds_mark.prl?PidBox=MO1273,MO1273,135,,,,WY,ALBANY,CALDWELL LAKE (2017),41 08 48.07553(N),105 46 02.64649(W),41.1466876472,-105.7674018028,,NAD 83,(1993),,ADJUSTED,2218.46,NAVD 88,,VERTCON3,-11.267,GEOID18,,,,,,,,,2,,,,,,WY E,71984.447,149572.285,-0 23 43.0,0.99962271,13,4555324.760,435603.369,-0 30 17.9,0.99965104,D,1934,20101028,GOOD,GEOCAC,Y,DD = SURVEY DISK,9 = POST (STONE OR PRECAST CONCRETE),135
,20260103,http://www.ngs.noaa.gov/cgi-bin/ds_mark.prl?PidBox=NQ0287,NQ0287,135.95,,,,WY,CONVERSE,ORIN (2017),42 38 57.     (N),105 13 09.     (W),42.6491666667,-105.2191666667,,NAD 83,(1986),,SCALED,1439.298,NAVD 88,,ADJUSTED,-14.319,GEOID18,1438.404,979949.6,,,,,,,,1,2,,,,WY E,238680.,195700.,,,,,,,,B,UNK,1934,GOOD,CGS,,DD = SURVEY DISK,36 = SET IN A MASSIVE STRUCTURE,
,20260103,http://www.ngs.noaa.gov/cgi-bin/ds_mark.prl?PidBox=PX0322,PX0322,1357.6,,,,WY,BIG HORN,EMBLEM (2017),44 31 11.76481(N),108 23 30.23611(W),44.5199346694,-108.3917322528,,NAD 83,(1993),,ADJUSTED,1359.,NAVD 88,,SCALED,-13.453,GEOID18,,,,,,,,,2,,,,,,WYEC,547064.386,315859.855,-0 44 31.7,0.99981361,12,4932932.723,707282.054,+1 49 46.0,1.00012841,D,UNK,UNK,MONUMENTED,USGS,,Z = SEE DESCRIPTION,0 = UNSPECIFIED SETTING,
,20260103,http://www.ngs.noaa.gov/cgi-bin/ds_mark.prl?PidBox=PY0814,PY0814,14 4,,,,WY,TETON,LEWIS FALLS (2017),44 16 02.8    (N),110 38 04.8    (W),44.2674444444,-110.6346666667,,NAD 83,(1986),,HD_HELD2,2355.252,NAVD 88,,ADJUSTED,-8.579,GEOID18,2353.669,979860.9,,,,,,,,1,2,,,,WY W,518612.,755982.,,,,,,,,C,1986,20100701,GOOD,GEOCAC,,DD = SURVEY DISK,35 = SET IN A MAT FOUNDATION OR CONCRETE SLAB OTHER THAN PAVEMENT,14-4 1986
,20260103,http://www.ngs.noaa.gov/cgi-bin/ds_mark.prl?PidBox=OV0485,OV0485,14 CFD,,,,WY,JOHNSON,TTT RANCH (2017),43 34 16.     (N),106 41 21.     (W),43.5711111111,-106.6891666667,,NAD 83,(1986),,SCALED,1503.288,NAVD 88,,POSTED,-12.642,GEOID18,1502.50,980041.1,,,,,,,,,,,,,WYEC,441300.,452030.,,,,,,,,C,1958,19680620,GOOD,USGS,Y,DB = BENCH MARK DISK,7 = SET IN TOP OF CONCRETE MONUMENT,14 CFD 1958
,20260103,http://www.ngs.noaa.gov/cgi-bin/ds_mark.prl?PidBox=NQ0696,NQ0696,14 DHW,,,,WY,NIOBRARA,SHERRILL HILLS (2018),42 57 36.     (N),104 04 45.     (W),42.9600000000,-104.0791666667,,NAD 83,(1986),,SCALED,1235.524,NAVD 88,,ADJUSTED,-15.142,GEOID18,1234.885,980060.7,,,,,,,,3,,,,,WY E,273780.,288730.,,,,,,,,B,1974,1974,MONUMENTED,USGS,Y,DB = BENCH MARK DISK,46 = COPPER-CLAD STEEL ROD W/O SLEEVE (10 FT.+),14 DHW 1974
,20260103,http://www.ngs.noaa.gov/cgi-bin/ds_mark.prl?PidBox=PV0604,PV0604,14 GRS,,,,WY,CAMPBELL,HOMESTEAD DRAW SW (2017),44 45 05.     (N),105 41 48.     (W),44.7513888889,-105.6966666667,,NAD 83,(1986),,SCALED,1269.710,NAVD 88,,POSTED,-14.545,GEOID18,1269.28,980232.2,,,,,,,,,,,,,WY E,472380.,158030.,,,,,,,,B,1971,1971,MONUMENTED,USGS,Y,DB = BENCH MARK DISK,46 = COPPER-CLAD STEEL ROD W/O SLEEVE (10 FT.+),14 GRS 1971
,20260103,http://www.ngs.noaa.gov/cgi-bin/ds_mark.prl?PidBox=NR0072,NR0072,14 HA,,,,WY,CARBON,T B RANCH (2017),42 06 25.     (N),106 10 45.     (W),42.1069444444,-106.1791666667,,NAD 83,(1986),,SCALED,2095.423,NAVD 88,,ADJUSTED,-12.718,GEOID18,2093.703,979726.3,,,,,,,,2,0,,,,WYEC,279100.,495460.,,,,,,,,C,1948,1959,GOOD,CGS,,DD = SURVEY DISK,7 = SET IN TOP OF CONCRETE MONUMENT,14 HA 1948
,20260103,http://www.ngs.noaa.gov/cgi-bin/ds_mark.prl?PidBox=OV0166,OV0166,14 JR,,,,WY,FREMONT,COTTONWOOD PASS (2017),43 26 20.     (N),107 35 31.     (W),43.4388888889,-107.5919444444,,NAD 83,(1986),,SCALED,1907.267,NAVD 88,,ADJUSTED,-12.387,GEOID18,1906.082,979930.0,,,,,,,,2,0,,,,WYWC,327060.,693750.,,,,,,,,C,1950,1966,GOOD,CGS,,DD = SURVEY DISK,7 = SET IN TOP OF CONCRETE MONUMENT,14 JR 1950 6254
,20260103,http://www.ngs.noaa.gov/cgi-bin/ds_mark.prl?PidBox=PY0917,PY0917,14 MDC,,,,WY,TETON,LOWER GEYSER BASIN (2017),44 35 03.     (N),110 46 45.     (W),44.5841666667,-110.7791666667,,NAD 83,(1986),,SCALED,2200.981,NAVD 88,,ADJUSTED,-8.883,GEOID18,2199.601,979911.6,,,,,,,,1,2,,,,WY W,553890.,744740.,,,,,,,,B,1977,1987,GOOD,NGS,,DD = SURVEY DISK,48 = GALVANIZED STEEL ROD W/O SLEEVE (1O FT.+),14 MDC 1977 7216
,20260103,http://www.ngs.noaa.gov/cgi-bin/ds_mark.prl?PidBox=PY1002,PY1002,14 MDC,,,,WY,PARK,MOUNT WASHBURN (2017),44 46 37.     (N),110 27 32.     (W),44.7769444444,-110.4588888889,,NAD 83,(1986),,SCALED,2661.609,NAVD 88,,ADJUSTED,-8.472,GEOID18,2659.826,979850.5,,,,,,,,1,2,,,,WYWC,476500.,464750.,,,,,,,,C,1976,1987,GOOD,NGS,,DB = BENCH MARK DISK,80 = SET IN A BOULDER,14 MDC 1976 8727
,20260103,http://www.ngs.noaa.gov/cgi-bin/ds_mark.prl?PidBox=PY0916,PY0916,14 RDS,,,,WY,TETON,LOWER GEYSER BASIN (2017),44 35 18.     (N),110 46 20.     (W),44.5883333333,-110.7722222222,,NAD 83,(1986),,SCALED,2206.478,NAVD 88,,ADJUSTED,-8.872,GEOID18,2205.102,979915.0,,,,,,,,1,2,,,,WY W,554350.,745300.,,,,,,,,C,1955,1987,GOOD,NGS,,DB = BENCH MARK DISK,80 = SET IN A BOULDER,14 RDS 1955 7234
,20260103,http://www.ngs.noaa.gov/cgi-bin/ds_mark.prl?PidBox=OU0489,OU0489,14 RGB,,,,WY,WESTON,DARLINGTON DRAW WEST (2018),43 42 23.     (N),104 59 37.     (W),43.7063888889,-104.9936111111,,NAD 83,(1986),,SCALED,1338.900,NAVD 88,,POSTED,-15.165,GEOID18,1338.25,980086.3,,,,,,,,,,,,,WY E,356140.,213950.,,,,,,,,B,1971,1971,MONUMENTED,USGS,Y,DB = BENCH MARK DISK,46 = COPPER-CLAD STEEL ROD W/O SLEEVE (10 FT.+),14 RGB 1971
,20260103,http://www.ngs.noaa.gov/cgi-bin/ds_mark.prl?PidBox=PX0389,PX0389,14 RM 1,,,,WY,PARK,BYRON (2017),44 52 18.23123(N),108 37 16.07237(W),44.8717308972,-108.6211312139,,NAD 83,(1993),,ADJUSTED,1306.7,NAVD 88,,VERTCON3,-13.152,GEOID18,,,,,,,,,2,,,,,,WYWC,485618.741,610182.905,+0 05 27.3,0.99973600,12,4971454.468,687909.425,+1 40 43.8,1.00003421,C,1931,1931,MONUMENTED,USGLO,,DR = REFERENCE MARK DISK,7 = SET IN TOP OF CONCRETE MONUMENT,
,20260103,http://www.ngs.noaa.gov/cgi-bin/ds_mark.prl?PidBox=MR0884,MR0884,14 SC,,,,WY,LINCOLN,OPAL (2017),41 49 22.     (N),110 18 31.     (W),41.8227777778,-110.3086111111,,NAD 83,(1986),,SCALED,2040.649,NAVD 88,,ADJUSTED,-14.436,GEOID18,2038.894,979690.4,,,,,,,,3,,,,,WY W,246920.,781290.,,,,,,,,D,1969,1969,MONUMENTED,USGS,Y,DD = SURVEY DISK,15 = METAL ROD DRIVEN INTO GROUND. SEE TEXT FOR ADDITIONAL INFORMATION.,14 SC 1969
,20260103,http://www.ngs.noaa.gov/cgi-bin/ds_mark.prl?PidBox=OU0504,OU0504,14 SJS,,,,WY,CONVERSE,SPLIT HILL (2017),43 09 11.     (N),104 58 35.     (W),43.1530555556,-104.9763888889,,NAD 83,(1986),,SCALED,1354.970,NAVD 88,,ADJUSTED,-15.387,GEOID18,1354.226,980024.2,,,,,,,,3,,,,,WY E,294670.,215480.,,,,,,,,D,1970,1970,MONUMENTED,USGS,,DB = BENCH MARK DISK,15 = METAL ROD DRIVEN INTO GROUND. SEE TEXT FOR ADDITIONAL INFORMATION.,14 SJS 1970
,20260103,http://www.ngs.noaa.gov/cgi-bin/ds_mark.prl?PidBox=NS0358,NS0358,14 TET,,,,WY,SWEETWATER,BLUE FOREST (2017),42 04 04.     (N),109 53 16.     (W),42.0677777778,-109.8877777778,,NAD 83,(1986),,SCALED,1989.118,NAVD 88,,ADJUSTED,-14.266,GEOID18,1987.480,979728.1,,,,,,,,3,,,,,WYWC,174730.,505840.,,,,,,,,B,1968,1968,MONUMENTED,USGS,Y,DB = BENCH MARK DISK,46 = COPPER-CLAD STEEL ROD W/O SLEEVE (10 FT.+),14 TET 1968
,20260103,http://www.ngs.noaa.gov/cgi-bin/ds_mark.prl?PidBox=PW0388,PW0388,14 WDE,,,,WY,BIG HORN,SHELL FALLS (2018),44 34 08.     (N),107 32 06.     (W),44.5688888889,-107.5350000000,,NAD 83,(1986),,SCALED,2290.959,NAVD 88,,ADJUSTED,-8.775,GEOID18,2289.668,979970.4,,,,,,,,2,0,,,,WYEC,551980.,383980.,,,,,,,,C,1958,1966,GOOD,CGS,,DD = SURVEY DISK,32 = SET IN A RETAINING WALL OR CONCRETE LEDGE,14 WDE 1958 7512
,20260103,http://www.ngs.noaa.gov/cgi-bin/ds_mark.prl?PidBox=MO1280,MO1280,144,,,,WY,ALBANY,SODERGREEN LAKE (2018),41 09 48.43085(N),105 56 06.25687(W),41.1634530139,-105.9350713528,,NAD 83,(1993),,ADJUSTED,2254.11,NAVD 88,,VERTCON3,-11.157,GEOID18,,,,,,,,,2,,,,,,WY E,73956.920,135513.874,-0 30 20.8,0.99963696,13,4557323.514,421553.192,-0 36 55.8,0.99967574,D,1934,20101028,POOR,GEOCAC,,DD = SURVEY DISK,9 = POST (STONE OR PRECAST CONCRETE),144
,20260103,http://www.ngs.noaa.gov/cgi-bin/ds_mark.prl?PidBox=NQ0297,NQ0297,145.94,,,,WY,CONVERSE,CHALK BUTTES (2018),42 43 11.     (N),105 22 30.     (W),42.7197222222,-105.3750000000,,NAD 83,(1986),,SCALED,1474.359,NAVD 88,,ADJUSTED,-14.337,GEOID18,1473.421,979933.6,,,,,,,,2,0,,,,WY E,246540.,182940.,,,,,,,,D,UNK,1960,GOOD,CGS,,X = CHISELED CROSS,30 = SET IN A LIGHT STRUCTURE,
,20260103,http://www.ngs.noaa.gov/cgi-bin/ds_mark.prl?PidBox=OW0056,OW0056,1480,,,,WY,FREMONT,RIVERTON EAST (2017),43 05 39.     (N),108 18 25.     (W),43.0941666667,-108.3069444444,,NAD 83,(1986),,SCALED,1472.709,NAVD 88,,ADJUSTED,-14.424,GEOID18,1471.738,979911.1,,,,,,,,1,2,,,,WYWC,288210.,636070.,,,,,,,,B,UNK,1933,GOOD,CGS,,R = RIVET,36 = SET IN A MASSIVE STRUCTURE,
,20260103,http://www.ngs.noaa.gov/cgi-bin/ds_mark.prl?PidBox=OW0049,OW0049,1493,,,,WY,FREMONT,RIVERTON WEST (2017),43 00 47.     (N),108 24 07.     (W),43.0130555556,-108.4019444444,,NAD 83,(1986),,SCALED,1510.507,NAVD 88,,ADJUSTED,-14.092,GEOID18,1509.516,979912.5,,,,,,,,1,2,,,,WYWC,279160.,628370.,,,,,,,,B,UNK,20091017,MARK NOT FOUND,GEOCAC,,R = RIVET,36 = SET IN A MASSIVE STRUCTURE,
,20260103,http://www.ngs.noaa.gov/cgi-bin/ds_mark.prl?PidBox=QW0547,QW0547,15 A RM,,,,WY,BIG HORN,BEAR CANYON (2017),45 00 00.74366(N),108 35 43.30405(W),45.0002065722,-108.5953622361,,NAD 83,(1993),,ADJUSTED,1328.,NAVD 88,,SCALED,-12.629,GEOID18,,,,,,,,,2,,,,,,WYEC,600662.270,300499.579,-0 53 32.9,0.99985301,12,4985786.354,689521.635,+1 42 03.0,1.00004168,C,1931,20120530,GOOD,GEOCAC,Y,DD = SURVEY DISK,7 = SET IN TOP OF CONCRETE MONUMENT,
,20260103,http://www.ngs.noaa.gov/cgi-bin/ds_mark.prl?PidBox=OV0444,OV0444,15 ARD,,,,WY,NATRONA,SMITH FLATS (2017),43 01 15.     (N),106 36 47.     (W),43.0208333333,-106.6130555556,,NAD 83,(1986),,SCALED,1652.592,NAVD 88,,POSTED,-13.258,GEOID18,1651.57,979941.0,,,,,,,,,,,,,WYEC,380220.,458710.,,,,,,,,C,1968,1968,MONUMENTED,USGS,Y,DB = BENCH MARK DISK,46 = COPPER-CLAD STEEL ROD W/O SLEEVE (10 FT.+),15 ARD 1968
,20260103,http://www.ngs.noaa.gov/cgi-bin/ds_mark.prl?PidBox=OV0488,OV0488,15 CFD,,,,WY,JOHNSON,TTT RANCH (2017),43 35 40.     (N),106 40 56.     (W),43.5944444444,-106.6822222222,,NAD 83,(1986),,SCALED,1504.200,NAVD 88,,POSTED,-12.666,GEOID18,1503.42,980044.4,,,,,,,,,,,,,WYEC,443900.,452570.,,,,,,,,C,1958,19680620,GOOD,USGS,Y,DB = BENCH MARK DISK,66 = SET IN ROCK OUTCROP,15 CFD 1958
,20260103,http://www.ngs.noaa.gov/cgi-bin/ds_mark.prl?PidBox=NQ0697,NQ0697,15 DHW,,,,WY,NIOBRARA,SHERRILL HILLS (2018),42 57 50.     (N),104 06 23.     (W),42.9638888889,-104.1063888889,,NAD 83,(1986),,SCALED,1226.570,NAVD 88,,ADJUSTED,-15.084,GEOID18,1225.933,980058.0,,,,,,,,3,,,,,WY E,274190.,286500.,,,,,,,,D,1974,1974,MONUMENTED,USGS,Y,DB = BENCH MARK DISK,15 = METAL ROD DRIVEN INTO GROUND. SEE TEXT FOR ADDITIONAL INFORMATION.,15 DHW 1974
,20260103,http://www.ngs.noaa.gov/cgi-bin/ds_mark.prl?PidBox=PY0158,PY0158,15 DI,,,,WY,PARK,MAMMOTH (2017),44 58 56.     (N),110 41 29.     (W),44.9822222222,-110.6913888889,,NAD 83,(1986),,SCALED,1811.142,NAVD 88,,ADJUSTED,-8.671,GEOID18,1810.214,980040.6,,,,,,,,1,2,,,,WYWC,499720.,446890.,,,,,,,,C,UNK,1983,GOOD,NGS,,DD = SURVEY DISK,7 = SET IN TOP OF CONCRETE MONUMENT,15
,20260103,http://www.ngs.noaa.gov/cgi-bin/ds_mark.prl?PidBox=PV0605,PV0605,15 GRS,,,,WY,CAMPBELL,HOMESTEAD DRAW SW (2017),44 46 35.     (N),105 41 11.     (W),44.7763888889,-105.6863888889,,NAD 83,(1986),,SCALED,1273.979,NAVD 88,,POSTED,-14.579,GEOID18,1273.55,980232.3,,,,,,,,,,,,,WY E,475150.,158870.,,,,,,,,B,1971,1971,MONUMENTED,USGS,Y,DB = BENCH MARK DISK,46 = COPPER-CLAD STEEL ROD W/O SLEEVE (10 FT.+),15 GRS 1971
,20260103,http://www.ngs.noaa.gov/cgi-bin/ds_mark.prl?PidBox=NR0073,NR0073,15 HA,,,,WY,CARBON,T B RANCH (2017),42 07 16.     (N),106 10 34.     (W),42.1211111111,-106.1761111111,,NAD 83,(1986),,SCALED,2104.065,NAVD 88,,ADJUSTED,-12.672,GEOID18,2102.351,979731.7,,,,,,,,2,0,,,,WYEC,280680.,495690.,,,,,,,,C,1948,1959,GOOD,CGS,,DD = SURVEY DISK,7 = SET IN TOP OF CONCRETE MONUMENT,15 HA 1948
,20260103,http://www.ngs.noaa.gov/cgi-bin/ds_mark.prl?PidBox=OV0163,OV0163,15 JR,,,,WY,FREMONT,COTTONWOOD PASS (2017),43 27 31.     (N),107 34 57.     (W),43.4586111111,-107.5825000000,,NAD 83,(1986),,SCALED,2015.240,NAVD 88,,ADJUSTED,-12.214,GEOID18,2014.002,979931.9,,,,,,,,2,0,,,,WYWC,329260.,694480.,,,,,,,,C,1950,1966,GOOD,CGS,,DD = SURVEY DISK,7 = SET IN TOP OF CONCRETE MONUMENT,15 JR 1950 6608
,20260103,http://www.ngs.noaa.gov/cgi-bin/ds_mark.prl?PidBox=PY0918,PY0918,15 MDC,,,,WY,TETON,LOWER GEYSER BASIN (2017),44 34 32.     (N),110 47 44.     (W),44.5755555556,-110.7955555556,,NAD 83,(1986),,SCALED,2198.587,NAVD 88,,ADJUSTED,-8.905,GEOID18,2197.208,979912.0,,,,,,,,1,2,,,,WY W,552950.,743430.,,,,,,,,A,1977,1987,GOOD,NGS,,DD = SURVEY DISK,66 = SET IN ROCK OUTCROP,15 MDC 1977 7208
,20260103,http://www.ngs.noaa.gov/cgi-bin/ds_mark.prl?PidBox=PY1001,PY1001,15 MDC,,,,WY,PARK,MOUNT WASHBURN (2017),44 47 12.     (N),110 27 09.     (W),44.7866666667,-110.4525000000,,NAD 83,(1986),,SCALED,2706.027,NAVD 88,,ADJUSTED,-8.475,GEOID18,2704.176,979834.4,,,,,,,,1,2,,,,WYWC,477570.,465270.,,,,,,,,A,1976,1987,GOOD,NGS,,DB = BENCH MARK DISK,66 = SET IN ROCK OUTCROP,15 MDC 1976 8872
,20260103,http://www.ngs.noaa.gov/cgi-bin/ds_mark.prl?PidBox=OU0488,OU0488,15 RGB,,,,WY,WESTON,PINEY CANYON NE (2017),43 44 04.     (N),105 00 02.     (W),43.7344444444,-105.0005555556,,NAD 83,(1986),,SCALED,1337.763,NAVD 88,,POSTED,-15.122,GEOID18,1337.11,980086.0,,,,,,,,,,,,,WY E,359260.,213380.,,,,,,,,B,1971,1971,MONUMENTED,USGS,Y,DB = BENCH MARK DISK,46 = COPPER-CLAD STEEL ROD W/O SLEEVE (10 FT.+),15 RGB 1971
,20260103,http://www.ngs.noaa.gov/cgi-bin/ds_mark.prl?PidBox=MR0885,MR0885,15 SC,,,,WY,LINCOLN,OPAL (2017),41 48 13.27   (N),110 19 11.52   (W),41.8036861111,-110.3198666667,,NAD 83,(1986),,HD_HELD1,2031.351,NAVD 88,,ADJUSTED,-14.458,GEOID18,2029.602,979689.1,,,,,,,,3,,,,,WY W,244801.3,780344.1,,,,,,,,D,1969,1969,MONUMENTED,USGS,Y,DD = SURVEY DISK,15 = METAL ROD DRIVEN INTO GROUND. SEE TEXT FOR ADDITIONAL INFORMATION.,15 SC 1969
,20260103,http://www.ngs.noaa.gov/cgi-bin/ds_mark.prl?PidBox=OU0505,OU0505,15 SJS,,,,WY,CONVERSE,SPLIT HILL (2017),43 08 14.     (N),104 58 49.     (W),43.1372222222,-104.9802777778,,NAD 83,(1986),,SCALED,1344.133,NAVD 88,,ADJUSTED,-15.372,GEOID18,1343.392,980022.7,,,,,,,,3,,,,,WY E,292910.,215160.,,,,,,,,D,1970,1970,MONUMENTED,USGS,,DB = BENCH MARK DISK,15 = METAL ROD DRIVEN INTO GROUND. SEE TEXT FOR ADDITIONAL INFORMATION.,15 SJS 1970
,20260103,http://www.ngs.noaa.gov/cgi-bin/ds_mark.prl?PidBox=NS0360,NS0360,15 TET,,,,WY,SWEETWATER,BLUE FOREST (2017),42 04 14.     (N),109 55 09.     (W),42.0705555556,-109.9191666667,,NAD 83,(1986),,SCALED,1993.262,NAVD 88,,ADJUSTED,-14.243,GEOID18,1991.619,979727.0,,,,,,,,3,,,,,WYWC,175080.,503250.,,,,,,,,A,1968,1968,MONUMENTED,USGS,Y,DB = BENCH MARK DISK,66 = SET IN ROCK OUTCROP,15 TET 1968
,20260103,http://www.ngs.noaa.gov/cgi-bin/ds_mark.prl?PidBox=MP0651,MP0651,15 WR,,,,WY,CARBON,GRIEVE RESERVOIR (2017),41 06 30.33581(N),107 19 31.05244(W),41.1084266139,-107.3252923444,,NAD 83,(1993),,ADJUSTED,2382.4,NAVD 88,,VERTCON3,-12.806,GEOID18,,,,,,,,,3,,,,,,WYEC,167561.661,400675.378,+0 00 19.0,0.99956597,13,4553399.259,304752.817,-1 31 45.6,1.00006920,C,1959,1959,MONUMENTED,USGS,,DD = SURVEY DISK,7 = SET IN TOP OF CONCRETE MONUMENT,15 WR 1959
,20260103,http://www.ngs.noaa.gov/cgi-bin/ds_mark.prl?PidBox=NQ0306,NQ0306,150.05,,,,WY,CONVERSE,DOUGLAS (2017),42 46 34.     (N),105 23 53.     (W),42.7761111111,-105.3980555556,,NAD 83,(1986),,SCALED,1472.467,NAVD 88,,ADJUSTED,-14.523,GEOID18,1471.540,979940.1,,,,,,,,1,2,,,,WY E,252810.,181070.,,,,,,,,D,UNK,1934,GOOD,CGS,,DB = BENCH MARK DISK,30 = SET IN A LIGHT STRUCTURE,
,20260103,http://www.ngs.noaa.gov/cgi-bin/ds_mark.prl?PidBox=NS0001,NS0001,1523,,,,WY,FREMONT,ARAPAHOE (2017),42 57 33.     (N),108 29 42.     (W),42.9591666667,-108.4950000000,,NAD 83,(1986),,SCALED,1524.811,NAVD 88,,ADJUSTED,-13.686,GEOID18,1523.809,979910.9,,,,,,,,1,2,,,,WYWC,273150.,620810.,,,,,,,,B,UNK,1940,GOOD,CGS,,R = RIVET,36 = SET IN A MASSIVE STRUCTURE,
,20260103,http://www.ngs.noaa.gov/cgi-bin/ds_mark.prl?PidBox=NS0070,NS0070,1525,,,,WY,FREMONT,HUDSON (2017),42 56 45.     (N),108 30 36.     (W),42.9458333333,-108.5100000000,,NAD 83,(1986),,SCALED,1527.149,NAVD 88,,ADJUSTED,-13.591,GEOID18,1526.146,979911.2,,,,,,,,1,2,,,,WYWC,271670.,619590.,,,,,,,,B,UNK,1940,GOOD,CGS,,R = RIVET,36 = SET IN A MASSIVE STRUCTURE,
,20260103,http://www.ngs.noaa.gov/cgi-bin/ds_mark.prl?PidBox=NS0065,NS0065,1535,,,,WY,FREMONT,HUDSON (2017),42 54 28.8    (N),108 35 15.1    (W),42.9080000000,-108.5875277778,,NAD 83,(1986),,HD_HELD2,1550.640,NAVD 88,,ADJUSTED,-13.144,GEOID18,1549.620,979909.6,,,,,,,,1,2,,,,WYWC,267447.,613267.,,,,,,,,B,UNK,20121106,GOOD,GEOCAC,Y,R = RIVET,36 = SET IN A MASSIVE STRUCTURE,
,20260103,http://www.ngs.noaa.gov/cgi-bin/ds_mark.prl?PidBox=NQ0311,NQ0311,154.95,,,,WY,CONVERSE,DOUGLAS (2017),42 50 03.     (N),105 26 43.     (W),42.8341666667,-105.4452777778,,NAD 83,(1986),,SCALED,1484.584,NAVD 88,,ADJUSTED,-14.620,GEOID18,1483.652,979941.5,,,,,,,,1,2,,,,WY E,259270.,177220.,,,,,,,,D,UNK,1934,GOOD,CGS,,X = CHISELED CROSS,30 = SET IN A LIGHT STRUCTURE,
,20260103,http://www.ngs.noaa.gov/cgi-bin/ds_mark.prl?PidBox=NQ0312,NQ0312,155.25,,,,WY,CONVERSE,DOUGLAS (2017),42 50 18.     (N),105 26 51.     (W),42.8383333333,-105.4475000000,,NAD 83,(1986),,SCALED,1484.004,NAVD 88,,ADJUSTED,-14.627,GEOID18,1483.072,979941.7,,,,,,,,1,2,,,,WY E,259730.,177040.,,,,,,,,D,UNK,1934,GOOD,CGS,,DD = SURVEY DISK,30 = SET IN A LIGHT STRUCTURE,
,20260103,http://www.ngs.noaa.gov/cgi-bin/ds_mark.prl?PidBox=OV0446,OV0446,16 ARD,,,,WY,NATRONA,SMITH FLATS (2017),43 02 15.87   (N),106 36 09.87   (W),43.0377416667,-106.6027416667,,NAD 83,(1986),,HD_HELD1,1686.728,NAVD 88,,POSTED,-13.263,GEOID18,1685.68,979940.2,,,,,,,,,,,,,WYEC,382105.4,459533.1,,,,,,,,B,1968,1968,MONUMENTED,USGS,Y,DB = BENCH MARK DISK,46 = COPPER-CLAD STEEL ROD W/O SLEEVE (10 FT.+),16 ARD 1968
,20260103,http://www.ngs.noaa.gov/cgi-bin/ds_mark.prl?PidBox=OV0493,OV0493,16 CFD,,,,WY,JOHNSON,TTT RANCH (2017),43 37 11.     (N),106 38 18.     (W),43.6197222222,-106.6383333333,,NAD 83,(1986),,SCALED,1463.535,NAVD 88,,POSTED,-12.873,GEOID18,1462.78,980053.1,,,,,,,,,,,,,WYEC,446740.,456100.,,,,,,,,C,1958,19680621,GOOD,USGS,Y,DB = BENCH MARK DISK,80 = SET IN A BOULDER,16 CFD 1958
,20260103,http://www.ngs.noaa.gov/cgi-bin/ds_mark.prl?PidBox=NQ0698,NQ0698,16 DHW,,,,WY,NIOBRARA,SHEPHERDS POINT (2017),42 58 15.     (N),104 08 05.     (W),42.9708333333,-104.1347222222,,NAD 83,(1986),,SCALED,1265.062,NAVD 88,,ADJUSTED,-15.020,GEOID18,1264.408,980059.4,,,,,,,,3,,,,,WY E,274930.,284180.,,,,,,,,D,1974,1974,MONUMENTED,USGS,Y,DB = BENCH MARK DISK,15 = METAL ROD DRIVEN INTO GROUND. SEE TEXT FOR ADDITIONAL INFORMATION.,16 DHW 1974
,20260103,http://www.ngs.noaa.gov/cgi-bin/ds_mark.prl?PidBox=PV0607,PV0607,16 GRS,,,,WY,CAMPBELL,HOMESTEAD DRAW SW (2017),44 46 58.     (N),105 38 28.     (W),44.7827777778,-105.6411111111,,NAD 83,(1986),,SCALED,1266.963,NAVD 88,,POSTED,-14.577,GEOID18,1266.54,980238.6,,,,,,,,,,,,,WY E,475840.,162450.,,,,,,,,B,1971,1971,MONUMENTED,USGS,Y,DB = BENCH MARK DISK,46 = COPPER-CLAD STEEL ROD W/O SLEEVE (10 FT.+),16 GRS 1971
,20260103,http://www.ngs.noaa.gov/cgi-bin/ds_mark.prl?PidBox=NR0075,NR0075,16 HA,,,,WY,CARBON,WALKER DRAW NW (2017),42 08 28.     (N),106 11 32.     (W),42.1411111111,-106.1922222222,,NAD 83,(1986),,SCALED,2094.272,NAVD 88,,ADJUSTED,-12.645,GEOID18,2092.569,979733.7,,,,,,,,2,0,,,,WYEC,282880.,494330.,,,,,,,,C,1948,1959,GOOD,CGS,,DD = SURVEY DISK,7 = SET IN TOP OF CONCRETE MONUMENT,16 HA 1948
,20260103,http://www.ngs.noaa.gov/cgi-bin/ds_mark.prl?PidBox=OV0162,OV0162,16 JR,,,,WY,FREMONT,COTTONWOOD PASS (2017),43 28 02.     (N),107 34 37.     (W),43.4672222222,-107.5769444444,,NAD 83,(1986),,SCALED,2041.427,NAVD 88,,ADJUSTED,-12.144,GEOID18,2040.178,979933.4,,,,,,,,2,0,,,,WYWC,330230.,694920.,,,,,,,,C,1950,1966,GOOD,CGS,,DD = SURVEY DISK,7 = SET IN TOP OF CONCRETE MONUMENT,16 JR 1950 6694
,20260103,http://www.ngs.noaa.gov/cgi-bin/ds_mark.prl?PidBox=PY0981,PY0981,16 MDC,,,,WY,PARK,TOWER JUNCTION (2017),44 54 06.21   (N),110 23 36.72   (W),44.9017250000,-110.3935333333,,NAD 83,(1986),,HD_HELD1,1988.234,NAVD 88,,ADJUSTED,-8.477,GEOID18,1987.148,980000.3,,,,,,,,1,2,,,,WYWC,490258.0,470199.3,,,,,,,,C,1977,20090520,GOOD,GEOCAC,,DB = BENCH MARK DISK,80 = SET IN A BOULDER,16 MDC 1977 6519
,20260103,http://www.ngs.noaa.gov/cgi-bin/ds_mark.prl?PidBox=PY1000,PY1000,16 MDC,,,,WY,PARK,MOUNT WASHBURN (2017),44 47 28.     (N),110 26 40.     (W),44.7911111111,-110.4444444444,,NAD 83,(1986),,SCALED,2684.241,NAVD 88,,ADJUSTED,-8.480,GEOID18,2682.380,979826.2,,,,,,,,1,2,,,,WYWC,478050.,465920.,,,,,,,,A,1976,1987,GOOD,NGS,,DB = BENCH MARK DISK,66 = SET IN ROCK OUTCROP,16 MDC 1976 8801
,20260103,http://www.ngs.noaa.gov/cgi-bin/ds_mark.prl?PidBox=OU0487,OU0487,16 RGB,,,,WY,WESTON,BUCK CREEK (2018),43 45 31.     (N),105 01 02.     (W),43.7586111111,-105.0172222222,,NAD 83,(1986),,SCALED,1351.515,NAVD 88,,POSTED,-15.074,GEOID18,1350.86,980086.7,,,,,,,,,,,,,WY E,361940.,212030.,,,,,,,,B,1971,1971,MONUMENTED,USGS,Y,DB = BENCH MARK DISK,46 = COPPER-CLAD STEEL ROD W/O SLEEVE (10 FT.+),16 RGB 1971
,20260103,http://www.ngs.noaa.gov/cgi-bin/ds_mark.prl?PidBox=MR0886,MR0886,16 SC,,,,WY,LINCOLN,OPAL (2017),41 46 50.     (N),110 19 55.     (W),41.7805555556,-110.3319444444,,NAD 83,(1986),,SCALED,2074.773,NAVD 88,,ADJUSTED,-14.477,GEOID18,2072.988,979688.0,,,,,,,,3,,,,,WY W,242240.,779330.,,,,,,,,D,1969,1969,MONUMENTED,USGS,Y,DD = SURVEY DISK,15 = METAL ROD DRIVEN INTO GROUND. SEE TEXT FOR ADDITIONAL INFORMATION.,16 SC 1969
,20260103,http://www.ngs.noaa.gov/cgi-bin/ds_mark.prl?PidBox=OU0506,OU0506,16 SJS,,,,WY,CONVERSE,SPLIT HILL (2017),43 07 58.     (N),104 59 12.     (W),43.1327777778,-104.9866666667,,NAD 83,(1986),,SCALED,1347.913,NAVD 88,,ADJUSTED,-15.367,GEOID18,1347.169,980021.8,,,,,,,,3,,,,,WY E,292420.,214650.,,,,,,,,D,1970,1970,MONUMENTED,USGS,,DB = BENCH MARK DISK,15 = METAL ROD DRIVEN INTO GROUND. SEE TEXT FOR ADDITIONAL INFORMATION.,16 SJS 1970
,20260103,http://www.ngs.noaa.gov/cgi-bin/ds_mark.prl?PidBox=NS0362,NS0362,16 TET,,,,WY,SWEETWATER,BLUE FOREST (2017),42 04 22.     (N),109 57 41.     (W),42.0727777778,-109.9613888889,,NAD 83,(1986),,SCALED,2010.876,NAVD 88,,ADJUSTED,-14.216,GEOID18,2009.201,979717.9,,,,,,,,3,,,,,WYWC,175370.,499760.,,,,,,,,B,1968,1968,MONUMENTED,USGS,Y,DB = BENCH MARK DISK,46 = COPPER-CLAD STEEL ROD W/O SLEEVE (10 FT.+),16 TET 1968
,20260103,http://www.ngs.noaa.gov/cgi-bin/ds_mark.prl?PidBox=PW0378,PW0378,16 WDE,,,,WY,BIG HORN,BLACK MOUNTAIN (2017),44 35 05.     (N),107 38 26.     (W),44.5847222222,-107.6405555556,,NAD 83,(1986),,SCALED,1797.471,NAVD 88,,ADJUSTED,-9.397,GEOID18,1796.606,980072.1,,,,,,,,2,0,,,,WYEC,553760.,375600.,,,,,,,,C,1958,1977,GOOD,NGS,,DD = SURVEY DISK,80 = SET IN A BOULDER,16 WDE 1958 5894
,20260103,http://www.ngs.noaa.gov/cgi-bin/ds_mark.prl?PidBox=OV0447,OV0447,17 ARD,,,,WY,NATRONA,SMITH FLATS (2017),43 03 31.     (N),106 35 24.     (W),43.0586111111,-106.5900000000,,NAD 83,(1986),,SCALED,1664.858,NAVD 88,,POSTED,-13.280,GEOID18,1663.82,979939.6,,,,,,,,,,,,,WYEC,384430.,460550.,,,,,,,,B,1968,1968,MONUMENTED,USGS,Y,DB = BENCH MARK DISK,46 = COPPER-CLAD STEEL ROD W/O SLEEVE (10 FT.+),17 ARD 1968
,20260103,http://www.ngs.noaa.gov/cgi-bin/ds_mark.prl?PidBox=OV0483,OV0483,17 CFD,,,,WY,JOHNSON,TTT RANCH (2017),43 31 59.     (N),106 41 19.     (W),43.5330555556,-106.6886111111,,NAD 83,(1986),,SCALED,1507.901,NAVD 88,,POSTED,-12.656,GEOID18,1507.10,980036.2,,,,,,,,,,,,,WYEC,437070.,452110.,,,,,,,,D,1958,19680620,GOOD,USGS,Y,DB = BENCH MARK DISK,9 = POST (STONE OR PRECAST CONCRETE),17 CFD 1958
,20260103,http://www.ngs.noaa.gov/cgi-bin/ds_mark.prl?PidBox=NQ0699,NQ0699,17 DHW,,,,WY,NIOBRARA,SHEPHERDS POINT (2017),42 58 45.     (N),104 10 22.     (W),42.9791666667,-104.1727777778,,NAD 83,(1986),,SCALED,1305.776,NAVD 88,,ADJUSTED,-14.935,GEOID18,1305.109,980063.6,,,,,,,,3,,,,,WY E,275820.,281070.,,,,,,,,B,1974,1974,MONUMENTED,USGS,Y,DB = BENCH MARK DISK,46 = COPPER-CLAD STEEL ROD W/O SLEEVE (10 FT.+),17 DHW 1974
,20260103,http://www.ngs.noaa.gov/cgi-bin/ds_mark.prl?PidBox=PV0608,PV0608,17 GRS,,,,WY,CAMPBELL,HOMESTEAD DRAW SW (2017),44 48 06.     (N),105 37 35.     (W),44.8016666667,-105.6263888889,,NAD 83,(1986),,SCALED,1267.830,NAVD 88,,POSTED,-14.608,GEOID18,1267.40,980234.2,,,,,,,,,,,,,WY E,477930.,163630.,,,,,,,,B,1971,1971,MONUMENTED,USGS,Y,DB = BENCH MARK DISK,46 = COPPER-CLAD STEEL ROD W/O SLEEVE (10 FT.+),17 GRS 1971
,20260103,http://www.ngs.noaa.gov/cgi-bin/ds_mark.prl?PidBox=NR0077,NR0077,17 HA,,,,WY,CARBON,WALKER DRAW NW (2017),42 09 36.     (N),106 10 49.     (W),42.1600000000,-106.1802777778,,NAD 83,(1986),,SCALED,2066.409,NAVD 88,,ADJUSTED,-12.559,GEOID18,2064.735,979737.8,,,,,,,,2,0,,,,WYEC,284990.,495290.,,,,,,,,C,1948,1959,GOOD,CGS,,DD = SURVEY DISK,7 = SET IN TOP OF CONCRETE MONUMENT,17 HA 1948
,20260103,http://www.ngs.noaa.gov/cgi-bin/ds_mark.prl?PidBox=MP0510,MP0510,17 JFM,,,,WY,CARBON,BENGOUGH HILL (2017),41 32 28.13486(N),106 04 47.65966(W),41.5411485722,-106.0799054611,,NAD 83,(1993),,ADJUSTED,2356.04,NAVD 88,,VERTCON3,-11.661,GEOID18,,,,,,,,,3,,,,,,WYEC,216375.507,504584.636,+0 49 52.7,0.99970445,13,4599395.487,409924.522,-0 42 58.3,0.99969985,D,1953,1953,MONUMENTED,USGS,,DB = BENCH MARK DISK,,17 JFM 1953
,20260103,http://www.ngs.noaa.gov/cgi-bin/ds_mark.prl?PidBox=OV0161,OV0161,17 JR,,,,WY,FREMONT,COTTONWOOD PASS (2017),43 28 34.     (N),107 34 27.     (W),43.4761111111,-107.5741666667,,NAD 83,(1986),,SCALED,2051.435,NAVD 88,,ADJUSTED,-12.091,GEOID18,2050.185,979935.4,,,,,,,,2,0,,,,WYWC,331220.,695130.,,,,,,,,C,1950,1966,GOOD,CGS,,DD = SURVEY DISK,7 = SET IN TOP OF CONCRETE MONUMENT,17 JR 1950
,20260103,http://www.ngs.noaa.gov/cgi-bin/ds_mark.prl?PidBox=PY0979,PY0979,17 MDC,,,,WY,PARK,TOWER JUNCTION (2017),44 54 52.     (N),110 24 38.     (W),44.9144444444,-110.4105555556,,NAD 83,(1986),,SCALED,1914.874,NAVD 88,,ADJUSTED,-8.484,GEOID18,1913.845,980012.0,,,,,,,,1,2,,,,WYWC,491700.,468880.,,,,,,,,C,1977,1987,GOOD,NGS,,DB = BENCH MARK DISK,80 = SET IN A BOULDER,17 MDC 1977 6278
,20260103,http://www.ngs.noaa.gov/cgi-bin/ds_mark.prl?PidBox=PY0996,PY0996,17 MDC,,,,WY,PARK,MOUNT WASHBURN (2017),44 49 01.     (N),110 27 02.     (W),44.8169444444,-110.4505555556,,NAD 83,(1986),,SCALED,2632.990,NAVD 88,,ADJUSTED,-8.512,GEOID18,2631.185,979835.9,,,,,,,,1,2,,,,WYWC,480930.,465500.,,,,,,,,C,1976,1987,GOOD,NGS,,DB = BENCH MARK DISK,80 = SET IN A BOULDER,17 MDC 1976 8633
,20260103,http://www.ngs.noaa.gov/cgi-bin/ds_mark.prl?PidBox=OU0485,OU0485,17 RGB,,,,WY,WESTON,BUCK CREEK (2018),43 46 29.     (N),105 02 56.     (W),43.7747222222,-105.0488888889,,NAD 83,(1986),,SCALED,1399.658,NAVD 88,,POSTED,-15.027,GEOID18,1398.99,980089.9,,,,,,,,,,,,,WY E,363730.,209480.,,,,,,,,B,1971,1971,MONUMENTED,USGS,Y,DB = BENCH MARK DISK,46 = COPPER-CLAD STEEL ROD W/O SLEEVE (10 FT.+),17 RGB 1971
,20260103,http://www.ngs.noaa.gov/cgi-bin/ds_mark.prl?PidBox=OU0507,OU0507,17 SJS,,,,WY,CONVERSE,COLTER DRAW (2017),43 07 32.     (N),105 00 23.     (W),43.1255555556,-105.0063888889,,NAD 83,(1986),,SCALED,1354.919,NAVD 88,,ADJUSTED,-15.357,GEOID18,1354.167,980018.5,,,,,,,,3,,,,,WY E,291610.,213040.,,,,,,,,D,1970,1970,MONUMENTED,USGS,,DB = BENCH MARK DISK,15 = METAL ROD DRIVEN INTO GROUND. SEE TEXT FOR ADDITIONAL INFORMATION.,17 SJS 1970
,20260103,http://www.ngs.noaa.gov/cgi-bin/ds_mark.prl?PidBox=NS0364,NS0364,17 TET,,,,WY,SWEETWATER,BLUE FOREST (2017),42 02 54.     (N),109 58 53.     (W),42.0483333333,-109.9813888889,,NAD 83,(1986),,SCALED,1989.856,NAVD 88,,ADJUSTED,-14.268,GEOID18,1988.203,979721.1,,,,,,,,3,,,,,WYWC,172680.,498060.,,,,,,,,B,1968,1968,MONUMENTED,USGS,Y,DB = BENCH MARK DISK,46 = COPPER-CLAD STEEL ROD W/O SLEEVE (10 FT.+),17 TET 1968
,20260103,http://www.ngs.noaa.gov/cgi-bin/ds_mark.prl?PidBox=MO1288,MO1288,174,,,,WY,ALBANY,JAMES LAKE (2017),41 26 06.38900(N),105 56 07.12103(W),41.4351080556,-105.9353113972,,NAD 83,(1993),,ADJUSTED,2231.26,NAVD 88,,VERTCON3,-11.513,GEOID18,,,,,,,,,3,,,,,,WY E,104125.494,135760.857,-0 30 31.3,0.99964022,13,4587482.115,421858.005,-0 37 08.4,0.99967514,D,1934,1948,GOOD,WYGS,,DD = SURVEY DISK,9 = POST (STONE OR PRECAST CONCRETE),174
,20260103,http://www.ngs.noaa.gov/cgi-bin/ds_mark.prl?PidBox=MP0591,MP0591,174 BR STA 1+00,,,,WY,CARBON,MEADS (2017),41 44 57.53783(N),106 50 21.31478(W),41.7493160639,-106.8392541056,,NAD 83,(1993),,ADJUSTED,2054.,NAVD 88,,SCALED,-13.575,GEOID18,,,,,,,,,2,,,,,,WYEC,238853.758,441092.601,+0 19 44.4,0.99963832,13,4623578.353,347077.943,-1 13 29.8,0.99988777,C,1948,20090524,MARK NOT FOUND,GEOCAC,,DD = SURVEY DISK,7 = SET IN TOP OF CONCRETE MONUMENT,174 BR STA 1X00
,20260103,http://www.ngs.noaa.gov/cgi-bin/ds_mark.prl?PidBox=OV0449,OV0449,18 ARD,,,,WY,NATRONA,SMITH FLATS (2017),43 04 51.5    (N),106 34 40.6    (W),43.0809722222,-106.5779444444,,NAD 83,(1986),,HD_HELD2,1649.795,NAVD 88,,POSTED,-13.294,GEOID18,1648.77,979939.4,,,,,,,,,,,,,WYEC,386926.,461510.,,,,,,,,B,1968,1968,MONUMENTED,USGS,Y,DB = BENCH MARK DISK,46 = COPPER-CLAD STEEL ROD W/O SLEEVE (10 FT.+),18 ARD 1968
,20260103,http://www.ngs.noaa.gov/cgi-bin/ds_mark.prl?PidBox=NQ0700,NQ0700,18 DHW,,,,WY,NIOBRARA,SHEPHERDS POINT (2017),42 57 38.     (N),104 11 10.     (W),42.9605555556,-104.1861111111,,NAD 83,(1986),,SCALED,1276.738,NAVD 88,,ADJUSTED,-14.918,GEOID18,1276.075,980056.7,,,,,,,,3,,,,,WY E,273740.,280000.,,,,,,,,B,1974,1974,MONUMENTED,USGS,Y,DB = BENCH MARK DISK,46 = COPPER-CLAD STEEL ROD W/O SLEEVE (10 FT.+),18 DHW 1974
,20260103,http://www.ngs.noaa.gov/cgi-bin/ds_mark.prl?PidBox=PV0609,PV0609,18 GRS,,,,WY,CAMPBELL,WHITE TAIL BUTTE (2017),44 48 28.     (N),105 35 18.     (W),44.8077777778,-105.5883333333,,NAD 83,(1986),,SCALED,1290.772,NAVD 88,,POSTED,-14.623,GEOID18,1290.33,980228.2,,,,,,,,,,,,,WY E,478590.,166640.,,,,,,,,B,1971,1971,MONUMENTED,USGS,Y,DB = BENCH MARK DISK,46 = COPPER-CLAD STEEL ROD W/O SLEEVE (10 FT.+),18 GRS 1971
,20260103,http://www.ngs.noaa.gov/cgi-bin/ds_mark.prl?PidBox=NR0078,NR0078,18 HA,,,,WY,CARBON,WALKER DRAW NW (2017),42 10 26.     (N),106 10 20.     (W),42.1738888889,-106.1722222222,,NAD 83,(1986),,SCALED,2115.727,NAVD 88,,ADJUSTED,-12.491,GEOID18,2114.022,979739.9,,,,,,,,2,0,,,,WYEC,286540.,495930.,,,,,,,,C,1948,1959,GOOD,CGS,,DD = SURVEY DISK,7 = SET IN TOP OF CONCRETE MONUMENT,18 HA 1948
,20260103,http://www.ngs.noaa.gov/cgi-bin/ds_mark.prl?PidBox=PY0994,PY0994,18 MDC,,,,WY,PARK,MOUNT WASHBURN (2017),44 49 54.     (N),110 26 49.     (W),44.8316666667,-110.4469444444,,NAD 83,(1986),,SCALED,2555.766,NAVD 88,,ADJUSTED,-8.533,GEOID18,2554.089,979868.0,,,,,,,,1,2,,,,WYWC,482560.,465820.,,,,,,,,A,1976,1987,GOOD,NGS,,DB = BENCH MARK DISK,66 = SET IN ROCK OUTCROP,18 MDC 1976 8380
,20260103,http://www.ngs.noaa.gov/cgi-bin/ds_mark.prl?PidBox=PY1043,PY1043,18 MDC,,,,WY,PARK,LAMAR CANYON (2017),44 54 26.     (N),110 20 33.     (W),44.9072222222,-110.3425000000,,NAD 83,(1986),,SCALED,1898.169,NAVD 88,,ADJUSTED,-8.373,GEOID18,1897.135,980005.0,,,,,,,,1,2,,,,WYWC,490790.,474240.,,,,,,,,C,1977,1987,GOOD,NGS,,DB = BENCH MARK DISK,32 = SET IN A RETAINING WALL OR CONCRETE LEDGE,18 MDC 1977 6223
,20260103,http://www.ngs.noaa.gov/cgi-bin/ds_mark.prl?PidBox=OU0484,OU0484,18 RGB,,,,WY,WESTON,BUCK CREEK (2018),43 48 03.     (N),105 03 00.     (W),43.8008333333,-105.0500000000,,NAD 83,(1986),,SCALED,1383.903,NAVD 88,,POSTED,-14.981,GEOID18,1383.23,980087.5,,,,,,,,,,,,,WY E,366630.,209390.,,,,,,,,B,1971,1971,MONUMENTED,USGS,Y,DB = BENCH MARK DISK,46 = COPPER-CLAD STEEL ROD W/O SLEEVE (10 FT.+),18 RGB 1971
,20260103,http://www.ngs.noaa.gov/cgi-bin/ds_mark.prl?PidBox=OU0508,OU0508,18 SJS,,,,WY,CONVERSE,PINEY CREEK (2017),43 06 12.     (N),105 00 50.     (W),43.1033333333,-105.0138888889,,NAD 83,(1986),,SCALED,1403.265,NAVD 88,,ADJUSTED,-15.329,GEOID18,1402.484,980014.3,,,,,,,,3,,,,,WY E,289140.,212440.,,,,,,,,D,1970,1970,MONUMENTED,USGS,,DB = BENCH MARK DISK,15 = METAL ROD DRIVEN INTO GROUND. SEE TEXT FOR ADDITIONAL INFORMATION.,18 SJS 1970
,20260103,http://www.ngs.noaa.gov/cgi-bin/ds_mark.prl?PidBox=NT0665,NT0665,18 TET,,,,WY,SWEETWATER,FONTENELLE RESERVOIR SE (2018),42 02 39.     (N),110 01 13.     (W),42.0441666667,-110.0202777778,,NAD 83,(1986),,SCALED,2003.760,NAVD 88,,ADJUSTED,-14.259,GEOID18,2002.099,979722.1,,,,,,,,3,,,,,WYWC,172260.,494840.,,,,,,,,B,1968,1968,MONUMENTED,USGS,Y,DB = BENCH MARK DISK,46 = COPPER-CLAD STEEL ROD W/O SLEEVE (10 FT.+),18 TET 1968
,20260103,http://www.ngs.noaa.gov/cgi-bin/ds_mark.prl?PidBox=PW0365,PW0365,18 WDE,,,,WY,BIG HORN,BLACK MOUNTAIN (2017),44 33 52.     (N),107 42 46.     (W),44.5644444444,-107.7127777778,,NAD 83,(1986),,SCALED,1335.057,NAVD 88,,ADJUSTED,-10.106,GEOID18,1334.498,980152.7,,,,,,,,2,0,,,,WYEC,551540.,369860.,,,,,,,,C,1958,1966,GOOD,CGS,,DD = SURVEY DISK,7 = SET IN TOP OF CONCRETE MONUMENT,18 WDE 1958 4377
,20260103,http://www.ngs.noaa.gov/cgi-bin/ds_mark.prl?PidBox=MP0048,MP0048,184,,,,WY,ALBANY,REX LAKE (2017),41 18 53.89441(N),106 00 11.75515(W),41.3149706694,-106.0032653194,,NAD 83,(1993),,ADJUSTED,2328.085,NAVD 88,,ADJUSTED,-11.138,GEOID18,2325.953,979623.2,,,,,,,3,1,2,,,,WY E,90836.200,129952.813,-0 33 08.4,0.99963457,13,4574208.159,416026.237,-0 39 44.6,0.99968678,D,1934,1956,GOOD,CGS,,DD = SURVEY DISK,9 = POST (STONE OR PRECAST CONCRETE),184
,20260103,http://www.ngs.noaa.gov/cgi-bin/ds_mark.prl?PidBox=MP0050,MP0050,184 AZ MK,,,,WY,ALBANY,REX LAKE (2017),41 18 26.     (N),106 01 08.     (W),41.3072222222,-106.0188888889,,NAD 83,(1986),,SCALED,2329.975,NAVD 88,,ADJUSTED,-11.095,GEOID18,2327.827,979617.2,,,,,,,,1,2,,,,WY E,89990.,128640.,,,,,,,,D,1934,1956,GOOD,CGS,,DZ = AZIMUTH MARK DISK,9 = POST (STONE OR PRECAST CONCRETE),257
,20260103,http://www.ngs.noaa.gov/cgi-bin/ds_mark.prl?PidBox=MP0049,MP0049,184 RM 1,,,,WY,ALBANY,REX LAKE (2017),41 18 53.92   (N),106 00 11.18   (W),41.3149777778,-106.0031055556,,NAD 83,(1986),,HD_HELD1,2327.323,NAVD 88,,ADJUSTED,-11.138,GEOID18,2325.192,979623.4,,,,,,,,1,2,,,,WY E,90836.9,129966.2,,,,,,,,C,1948,1956,GOOD,CGS,,DR = REFERENCE MARK DISK,7 = SET IN TOP OF CONCRETE MONUMENT,184 NO 1 1948
,20260103,http://www.ngs.noaa.gov/cgi-bin/ds_mark.prl?PidBox=MP0047,MP0047,184 RM 2,,,,WY,ALBANY,REX LAKE (2017),41 18 53.75   (N),106 00 12.29   (W),41.3149305556,-106.0034138889,,NAD 83,(1986),,HD_HELD1,2328.129,NAVD 88,,ADJUSTED,-11.137,GEOID18,2325.997,979623.4,,,,,,,,1,2,,,,WY E,90831.9,129940.3,,,,,,,,C,1948,1956,GOOD,CGS,,DR = REFERENCE MARK DISK,7 = SET IN TOP OF CONCRETE MONUMENT,184 NO 2 1948
,20260103,http://www.ngs.noaa.gov/cgi-bin/ds_mark.prl?PidBox=OX0138,OX0138,19,,,,WY,TETON,CAMP DAVIS (2017),43 19 15.     (N),110 43 28.     (W),43.3208333333,-110.7244444444,,NAD 83,(1986),,SCALED,1837.087,NAVD 88,,ADJUSTED,-10.122,GEOID18,1835.853,979883.5,,,,,,,,2,0,,,,WY W,413490.,748000.,,,,,,,,C,UNK,1963,MARK NOT FOUND,USGS,,DD = SURVEY DISK,32 = SET IN A RETAINING WALL OR CONCRETE LEDGE,19
,20260103,http://www.ngs.noaa.gov/cgi-bin/ds_mark.prl?PidBox=OV0451,OV0451,19 ARD,,,,WY,NATRONA,SMITH FLATS (2017),43 06 05.6    (N),106 34 50.3    (W),43.1015555556,-106.5806388889,,NAD 83,(1986),,HD_HELD2,1674.498,NAVD 88,,POSTED,-13.288,GEOID18,1673.46,979939.4,,,,,,,,,,,,,WYEC,389210.,461271.,,,,,,,,B,1968,1968,MONUMENTED,USGS,Y,DB = BENCH MARK DISK,46 = COPPER-CLAD STEEL ROD W/O SLEEVE (10 FT.+),19 ARD 1968
,20260103,http://www.ngs.noaa.gov/cgi-bin/ds_mark.prl?PidBox=NQ0701,NQ0701,19 DHW,,,,WY,NIOBRARA,SHEPHERDS POINT (2017),42 57 32.     (N),104 13 04.     (W),42.9588888889,-104.2177777778,,NAD 83,(1986),,SCALED,1366.352,NAVD 88,,ADJUSTED,-14.847,GEOID18,1365.652,980059.4,,,,,,,,3,,,,,WY E,273520.,277420.,,,,,,,,B,1974,1974,MONUMENTED,USGS,Y,DB = BENCH MARK DISK,46 = COPPER-CLAD STEEL ROD W/O SLEEVE (10 FT.+),19 DHW 1974
,20260103,http://www.ngs.noaa.gov/cgi-bin/ds_mark.prl?PidBox=PY0137,PY0137,19 DI,,,,WY,PARK,MAMMOTH (2017),44 58 00.     (N),110 42 03.     (W),44.9666666667,-110.7008333333,,NAD 83,(1986),,SCALED,1939.586,NAVD 88,,ADJUSTED,-8.628,GEOID18,1938.566,980022.1,,,,,,,,1,2,,,,WYWC,498010.,446100.,,,,,,,,D,UNK,1987,GOOD,NGS,,DD = SURVEY DISK,17 = SET INTO TOP OF METAL PIPE DRIVEN INTO GROUND,MS LINE STA 19 ELEV 6358.7
,20260103,http://www.ngs.noaa.gov/cgi-bin/ds_mark.prl?PidBox=OX0677,OX0677,19 F 830,,,,WY,LINCOLN,ALPINE (2018),43 08 48.31915(N),111 00 45.70988(W),43.1467553194,-111.0126971889,,NAD 83,(1992),,ADJUSTED,2074.8,NAVD 88,,VERTCON3,-10.572,GEOID18,,,,,,,,,3,,,,,,WY W,394375.720,724403.880,-0 38 08.1,0.99968417,12,4777112.013,498967.540,-0 00 31.3,0.99960001,C,1966,1966,MONUMENTED,BOR,,DB = BENCH MARK DISK,7 = SET IN TOP OF CONCRETE MONUMENT,
,20260103,http://www.ngs.noaa.gov/cgi-bin/ds_mark.prl?PidBox=OX0678,OX0678,19 F 834,,,,WY,LINCOLN,ALPINE (2018),43 12 35.60057(N),111 01 50.03817(W),43.2098890472,-111.0305661583,,NAD 83,(1992),,ADJUSTED,2199.7,NAVD 88,,VERTCON3,-10.351,GEOID18,,,,,,,,,3,,,,,,WY W,401405.542,723029.726,-0 38 54.9,0.99966712,12,4784123.500,497517.100,-0 01 15.3,0.99960008,A,1966,1966,MONUMENTED,BOR,,DB = BENCH MARK DISK,66 = SET IN ROCK OUTCROP,
,20260103,http://www.ngs.noaa.gov/cgi-bin/ds_mark.prl?PidBox=PV0610,PV0610,19 GRS,,,,WY,CAMPBELL,WHITE TAIL BUTTE (2017),44 47 50.     (N),105 33 40.     (W),44.7972222222,-105.5611111111,,NAD 83,(1986),,SCALED,1298.340,NAVD 88,,POSTED,-14.616,GEOID18,1297.89,980225.0,,,,,,,,,,,,,WY E,477410.,168790.,,,,,,,,B,1971,1971,MONUMENTED,USGS,Y,DB = BENCH MARK DISK,46 = COPPER-CLAD STEEL ROD W/O SLEEVE (10 FT.+),19 GRS 1971
,20260103,http://www.ngs.noaa.gov/cgi-bin/ds_mark.prl?PidBox=NR0079,NR0079,19 HA,,,,WY,CARBON,WALKER DRAW NW (2017),42 11 18.     (N),106 10 08.     (W),42.1883333333,-106.1688888889,,NAD 83,(1986),,SCALED,2117.197,NAVD 88,,ADJUSTED,-12.433,GEOID18,2115.495,979741.7,,,,,,,,2,0,,,,WYEC,288150.,496190.,,,,,,,,C,1948,1959,GOOD,CGS,,DD = SURVEY DISK,35 = SET IN A MAT FOUNDATION OR CONCRETE SLAB OTHER THAN PAVEMENT,19 HA 1948
,20260103,http://www.ngs.noaa.gov/cgi-bin/ds_mark.prl?PidBox=PY0829,PY0829,19 MDC,,,,WY,TETON,LEWIS CANYON (2017),44 07 33.     (N),110 39 50.     (W),44.1258333333,-110.6638888889,,NAD 83,(1986),,SCALED,2114.394,NAVD 88,,ADJUSTED,-8.506,GEOID18,2113.054,979908.6,,,,,,,,1,2,,,,WY W,502890.,753540.,,,,,,,,A,1977,1987,GOOD,NGS,,DD = SURVEY DISK,66 = SET IN ROCK OUTCROP,19 MDC 1977 6932
,20260103,http://www.ngs.noaa.gov/cgi-bin/ds_mark.prl?PidBox=PY0988,PY0988,19 MDC,,,,WY,PARK,MOUNT WASHBURN (2017),44 51 12.     (N),110 25 01.     (W),44.8533333333,-110.4169444444,,NAD 83,(1986),,SCALED,2337.021,NAVD 88,,ADJUSTED,-8.544,GEOID18,2335.576,979914.5,,,,,,,,1,2,,,,WYWC,484920.,468240.,,,,,,,,C,1976,1987,GOOD,NGS,,DB = BENCH MARK DISK,80 = SET IN A BOULDER,19 MDC 1976 7662
,20260103,http://www.ngs.noaa.gov/cgi-bin/ds_mark.prl?PidBox=OU0483,OU0483,19 RGB,,,,WY,WESTON,BUCK CREEK (2018),43 49 11.     (N),105 04 20.     (W),43.8197222222,-105.0722222222,,NAD 83,(1986),,SCALED,1425.708,NAVD 88,,POSTED,-14.942,GEOID18,1425.02,980085.4,,,,,,,,,,,,,WY E,368720.,207600.,,,,,,,,B,1971,1971,MONUMENTED,USGS,Y,DB = BENCH MARK DISK,46 = COPPER-CLAD STEEL ROD W/O SLEEVE (10 FT.+),19 RGB 1971
,20260103,http://www.ngs.noaa.gov/cgi-bin/ds_mark.prl?PidBox=OU0509,OU0509,19 SJS,,,,WY,CONVERSE,SPLIT HILL SW (2017),43 05 13.     (N),104 59 46.     (W),43.0869444444,-104.9961111111,,NAD 83,(1986),,SCALED,1439.451,NAVD 88,,ADJUSTED,-15.302,GEOID18,1438.654,980016.2,,,,,,,,3,,,,,WY E,287330.,213890.,,,,,,,,D,1970,1970,MONUMENTED,USGS,,DB = BENCH MARK DISK,15 = METAL ROD DRIVEN INTO GROUND. SEE TEXT FOR ADDITIONAL INFORMATION.,19 SJS 1970
,20260103,http://www.ngs.noaa.gov/cgi-bin/ds_mark.prl?PidBox=NT0669,NT0669,19 TET,,,,WY,LINCOLN,FONTENELLE RESERVOIR SE (2018),42 01 27.     (N),110 04 51.     (W),42.0241666667,-110.0808333333,,NAD 83,(1986),,SCALED,2013.417,NAVD 88,,ADJUSTED,-14.250,GEOID18,2011.742,979718.8,,,,,,,,3,,,,,WY W,269260.,800210.,,,,,,,,D,1968,1968,MONUMENTED,USGS,Y,DD = SURVEY DISK,15 = METAL ROD DRIVEN INTO GROUND. SEE TEXT FOR ADDITIONAL INFORMATION.,19 TET 1968
,20260103,http://www.ngs.noaa.gov/cgi-bin/ds_mark.prl?PidBox=PW0360,PW0360,19 WDE,,,,WY,BIG HORN,SHELL (2017),44 32 03.     (N),107 46 46.     (W),44.5341666667,-107.7794444444,,NAD 83,(1986),,SCALED,1288.948,NAVD 88,,ADJUSTED,-10.782,GEOID18,1288.432,980172.3,,,,,,,,2,0,,,,WYEC,548200.,364540.,,,,,,,,C,1958,1966,GOOD,CGS,,DD = SURVEY DISK,7 = SET IN TOP OF CONCRETE MONUMENT,19 WDE 1958
,20260103,http://www.ngs.noaa.gov/cgi-bin/ds_mark.prl?PidBox=NT0086,NT0086,1916,,,,WY,LINCOLN,PARK CREEK (2017),42 51 53.     (N),110 42 10.     (W),42.8647222222,-110.7027777778,,NAD 83,(1986),,SCALED,2076.243,NAVD 88,,ADJUSTED,-10.536,GEOID18,2074.697,979801.7,,,,,,,,2,0,,,,WY W,362810.,749380.,,,,,,,,A,1916,1946,GOOD,CGS,,DD = SURVEY DISK,66 = SET IN ROCK OUTCROP,1916 6804
,20260103,http://www.ngs.noaa.gov/cgi-bin/ds_mark.prl?PidBox=MO1282,MO1282,192,,,,WY,ALBANY,ALSOP LAKE (2017),41 29 34.09559(N),105 48 12.57376(W),41.4928043306,-105.8034927111,,NAD 83,(1993),,ADJUSTED,2171.24,NAVD 88,,VERTCON3,-11.678,GEOID18,,,,,,,,,3,,,,,,WY E,110443.635,146824.767,-0 25 18.9,0.99963367,13,4593776.947,432930.577,-0 31 56.5,0.99965536,D,1934,1948,GOOD,WYGS,,DD = SURVEY DISK,9 = POST (STONE OR PRECAST CONCRETE),192
,20260103,http://www.ngs.noaa.gov/cgi-bin/ds_mark.prl?PidBox=MO0469,MO0469,2,,,,WY,ALBANY,BUFORD (2017),41 06 04.     (N),105 21 22.     (W),41.1011111111,-105.3561111111,,NAD 83,(1986),,SCALED,2457.027,NAVD 88,,ADJUSTED,-12.459,GEOID18,2454.758,979610.1,,,,,,,,1,2,,,,WY E,66770.,184090.,,,,,,,,A,UNK,1985,GOOD,DMA,,Z = SEE DESCRIPTION,66 = SET IN ROCK OUTCROP,
,20260103,http://www.ngs.noaa.gov/cgi-bin/ds_mark.prl?PidBox=PY0806,PY0806,2,,,,WY,TETON,MOUNT SHERIDAN (2017),44 19 10.     (N),110 35 56.     (W),44.3194444444,-110.5988888889,,NAD 83,(1986),,SCALED,2375.884,NAVD 88,,ADJUSTED,-8.573,GEOID18,2374.288,979860.3,,,,,,,,1,2,,,,WY W,524370.,758870.,,,,,,,,C,UNK,1987,GOOD,NGS,,DD = SURVEY DISK,32 = SET IN A RETAINING WALL OR CONCRETE LEDGE,
,20260103,http://www.ngs.noaa.gov/cgi-bin/ds_mark.prl?PidBox=PY1035,PY1035,2,,,,WY,PARK,TOWER JUNCTION (2017),44 54 59.     (N),110 25 04.     (W),44.9163888889,-110.4177777778,,NAD 83,(1986),,SCALED,1912.437,NAVD 88,,ADJUSTED,-8.489,GEOID18,1911.417,980016.0,,,,,,,,1,2,,,,WYWC,491930.,468320.,,,,,,,,C,UNK,1987,GOOD,NGS,,DB = BENCH MARK DISK,7 = SET IN TOP OF CONCRETE MONUMENT,NO 2
,20260103,http://www.ngs.noaa.gov/cgi-bin/ds_mark.prl?PidBox=NS0281,NS0281,2 33 100 9971,,,,WY,SUBLETTE,RAID LAKE (2017),42 50 25.61520(N),109 29 47.37964(W),42.8404486667,-109.4964943444,,NAD 83,(1993),,ADJUSTED,3035.,NAVD 88,,SCALED,-9.350,GEOID18,,,,,,,,,2,,,,,,WY W,360097.190,847972.112,+0 23 56.5,0.99949147,12,4744193.413,622865.964,+1 01 20.8,0.99978572,A,1928,1936,GOOD,CGS,,DD = SURVEY DISK,66 = SET IN ROCK OUTCROP,2-33-100 9971 1928
,20260103,http://www.ngs.noaa.gov/cgi-bin/ds_mark.prl?PidBox=MQ0251,MQ0251,2 BE,,,,WY,SWEETWATER,PERU (2018),41 33 13.22348(N),109 35 20.51530(W),41.5536731889,-109.5890320278,,NAD 83,(1993),,ADJUSTED,1968.260,NAVD 88,,ADJUSTED,-15.040,GEOID18,1966.536,979677.2,,,,,,,3,1,2,,,,WYWC,117347.723,530005.983,-0 33 23.7,0.99969150,12,4601184.154,617667.462,+0 56 09.7,0.99977039,C,1958,20230820,GOOD,NGSTM,Y,DB = BENCH MARK DISK,7 = SET IN TOP OF CONCRETE MONUMENT,6453 2 BE 1958
,20260103,http://www.ngs.noaa.gov/cgi-bin/ds_mark.prl?PidBox=PW0593,PW0593,2 GRS,,,,WY,SHERIDAN,ARVADA NE (2017),44 41 36.     (N),106 02 20.     (W),44.6933333333,-106.0388888889,,NAD 83,(1986),,SCALED,1187.736,NAVD 88,,POSTED,-14.861,GEOID18,1187.31,980215.7,,,,,,,,,,,,,WYEC,566600.,502600.,,,,,,,,B,1971,1971,MONUMENTED,USGS,Y,DB = BENCH MARK DISK,46 = COPPER-CLAD STEEL ROD W/O SLEEVE (10 FT.+),2 GRS 1971
,20260103,http://www.ngs.noaa.gov/cgi-bin/ds_mark.prl?PidBox=PY1050,PY1050,2 GWM,,,,WY,PARK,MOUNT HORNADAY (2017),44 54 10.64512(N),110 14 43.50297(W),44.9029569778,-110.2454174917,1992.608,NAD 83,(2011),2010.00,NO CHECK,2000.647,NAVD 88,,ADJUSTED,-8.164,GEOID18,1999.565,980004.6,3.12,12.74,1.05,1.43,6.50,0.14941036,,1,2,-1566401.267,-4246962.424,4481122.780,WYWC,490168.662,481899.515,-1 03 20.7,0.99979660,12,4972447.169,559572.959,+0 31 57.7,0.99964364,C,1941,1987,GOOD,NGS,Y,DB = BENCH MARK DISK,80 = SET IN A BOULDER,2 GWM 1941 6559
,20260103,http://www.ngs.noaa.gov/cgi-bin/ds_mark.prl?PidBox=MP0039,MP0039,2 HA,,,,WY,CARBON,MEDICINE BOW (2017),41 55 18.     (N),106 11 08.     (W),41.9216666667,-106.1855555556,,NAD 83,(1986),,SCALED,2008.343,NAVD 88,,ADJUSTED,-13.020,GEOID18,2006.670,979718.0,,,,,,,,2,0,,,,WYEC,258520.,495210.,,,,,,,,C,1948,1959,GOOD,CGS,,DD = SURVEY DISK,7 = SET IN TOP OF CONCRETE MONUMENT,2 HA 1948
,20260103,http://www.ngs.noaa.gov/cgi-bin/ds_mark.prl?PidBox=PV0366,PV0366,2 JHC,,,,WY,CAMPBELL,PLEASANTDALE (2017),44 00 49.     (N),105 43 16.     (W),44.0136111111,-105.7211111111,,NAD 83,(1986),,SCALED,1553.189,NAVD 88,,ADJUSTED,-14.602,GEOID18,1552.420,980068.8,,,,,,,,1,2,,,,WY E,390410.,155540.,,,,,,,,C,1955,1985,GOOD,NGS,,DB = BENCH MARK DISK,7 = SET IN TOP OF CONCRETE MONUMENT,2 JHC 1955
,20260103,http://www.ngs.noaa.gov/cgi-bin/ds_mark.prl?PidBox=OV0186,OV0186,2 JR,,,,WY,FREMONT,LYSITE (2017),43 16 53.     (N),107 38 49.     (W),43.2813888889,-107.6469444444,,NAD 83,(1986),,SCALED,1642.618,NAVD 88,,ADJUSTED,-13.747,GEOID18,1641.544,979908.9,,,,,,,,2,0,,,,WYWC,309500.,689530.,,,,,,,,C,1950,1966,GOOD,CGS,,DD = SURVEY DISK,7 = SET IN TOP OF CONCRETE MONUMENT,2 JR 1950 5386
,20260103,http://www.ngs.noaa.gov/cgi-bin/ds_mark.prl?PidBox=PY0943,PY0943,2 MDC,,,,WY,TETON,LAKE (2017),44 31 54.24   (N),110 26 06.78   (W),44.5317333333,-110.4352166667,,NAD 83,(1986),,HD_HELD1,2365.688,NAVD 88,,ADJUSTED,-8.612,GEOID18,2364.119,979869.3,,,,,,,,1,2,,,,WY W,547890.7,772031.8,,,,,,,,C,1977,20070811,GOOD,GEOCAC,,DD = SURVEY DISK,35 = SET IN A MAT FOUNDATION OR CONCRETE SLAB OTHER THAN PAVEMENT,2 MDC 1977 7756
,20260103,http://www.ngs.noaa.gov/cgi-bin/ds_mark.prl?PidBox=PY0957,PY0957,2 MDC,,,,WY,PARK,NORRIS JUNCTION (2017),44 43 08.     (N),110 40 00.     (W),44.7188888889,-110.6666666667,,NAD 83,(1986),,SCALED,2318.186,NAVD 88,,ADJUSTED,-8.557,GEOID18,2316.765,979920.4,,,,,,,,1,2,,,,WYWC,470410.,448150.,,,,,,,,B,1976,1987,GOOD,NGS,,DB = BENCH MARK DISK,46 = COPPER-CLAD STEEL ROD W/O SLEEVE (10 FT.+),2 MDC 1976 7610
,20260103,http://www.ngs.noaa.gov/cgi-bin/ds_mark.prl?PidBox=PY1126,PY1126,2 MDC,,,,WY,PARK,NORRIS JUNCTION (2017),44 42 55.     (N),110 43 46.     (W),44.7152777778,-110.7294444444,,NAD 83,(1986),,SCALED,2270.272,NAVD 88,,ADJUSTED,-8.628,GEOID18,2268.872,979919.1,,,,,,,,1,2,,,,WYWC,470130.,443170.,,,,,,,,C,1975,1975,MONUMENTED,USGS,,DB = BENCH MARK DISK,80 = SET IN A BOULDER,2 MDC 1975 7443
,20260103,http://www.ngs.noaa.gov/cgi-bin/ds_mark.prl?PidBox=MP0609,MP0609,2 PA,,,,WY,CARBON,SINCLAIR (2017),41 49 43.47031(N),107 06 52.70113(W),41.8287417528,-107.1146392028,,NAD 83,(1993),,ADJUSTED,1993.35,NAVD 88,,VERTCON3,-13.675,GEOID18,,,,,,,,,3,,,,,,WYEC,247580.096,418166.347,+0 08 45.1,0.99963117,13,4632923.547,324397.337,-1 24 38.3,0.99997946,C,1951,1951,MONUMENTED,USGS,,DB = BENCH MARK DISK,7 = SET IN TOP OF CONCRETE MONUMENT,2 PA 1951 6536
,20260103,http://www.ngs.noaa.gov/cgi-bin/ds_mark.prl?PidBox=OU0459,OU0459,2 RGB,,,,WY,CONVERSE,FIDDLEBACK RANCH (2017),43 26 01.     (N),105 03 16.     (W),43.4336111111,-105.0544444444,,NAD 83,(1986),,SCALED,1324.393,NAVD 88,,POSTED,-15.463,GEOID18,1323.70,980052.3,,,,,,,,,,,,,WY E,325830.,209090.,,,,,,,,B,1971,1971,MONUMENTED,USGS,Y,DB = BENCH MARK DISK,46 = COPPER-CLAD STEEL ROD W/O SLEEVE (10 FT.+),2 RGB 1971
,20260103,http://www.ngs.noaa.gov/cgi-bin/ds_mark.prl?PidBox=MR0869,MR0869,2 SC,,,,WY,LINCOLN,SHUTE CREEK LAKE (2017),41 59 31.     (N),110 10 37.     (W),41.9919444444,-110.1769444444,,NAD 83,(1986),,SCALED,2010.186,NAVD 88,,ADJUSTED,-14.179,GEOID18,2008.509,979716.7,,,,,,,,3,,,,,WY W,265690.,792240.,,,,,,,,D,1969,1969,MONUMENTED,USGS,Y,DD = SURVEY DISK,15 = METAL ROD DRIVEN INTO GROUND. SEE TEXT FOR ADDITIONAL INFORMATION.,2 SC 1969
,20260103,http://www.ngs.noaa.gov/cgi-bin/ds_mark.prl?PidBox=OU0491,OU0491,2 SJS,,,,WY,CONVERSE,IRETON DRAW (2017),43 14 48.     (N),105 09 27.     (W),43.2466666667,-105.1575000000,,NAD 83,(1986),,SCALED,1425.596,NAVD 88,,ADJUSTED,-15.439,GEOID18,1424.809,980018.7,,,,,,,,3,,,,,WY E,305060.,200740.,,,,,,,,D,1970,1970,MONUMENTED,USGS,,DB = BENCH MARK DISK,15 = METAL ROD DRIVEN INTO GROUND. SEE TEXT FOR ADDITIONAL INFORMATION.,2 SJS 1970
,20260103,http://www.ngs.noaa.gov/cgi-bin/ds_mark.prl?PidBox=NS0334,NS0334,2 TET,,,,WY,SWEETWATER,EDEN RESERVOIR WEST (2017),42 08 55.     (N),109 29 42.     (W),42.1486111111,-109.4950000000,,NAD 83,(1986),,SCALED,2035.263,NAVD 88,,ADJUSTED,-14.266,GEOID18,2033.562,979713.8,,,,,,,,3,,,,,WYWC,183350.,538420.,,,,,,,,B,1968,1968,MONUMENTED,USGS,Y,DB = BENCH MARK DISK,46 = COPPER-CLAD STEEL ROD W/O SLEEVE (10 FT.+),2 TET 1968
,20260103,http://www.ngs.noaa.gov/cgi-bin/ds_mark.prl?PidBox=NQ0331,NQ0331,2 WWC,,,,WY,PLATTE,HIGHTOWER (2017),42 03 34.     (N),105 02 26.     (W),42.0594444444,-105.0405555556,,NAD 83,(1986),,SCALED,1454.910,NAVD 88,,ADJUSTED,-13.893,GEOID18,1453.973,979926.7,,,,,,,,2,0,,,,WY E,173190.,210440.,,,,,,,,C,1951,1959,GOOD,CGS,,DD = SURVEY DISK,7 = SET IN TOP OF CONCRETE MONUMENT,2 WWC 1951 4771
,20260103,http://www.ngs.noaa.gov/cgi-bin/ds_mark.prl?PidBox=OV0452,OV0452,20 ARD,,,,WY,NATRONA,SMITH FLATS (2017),43 07 09.6    (N),106 34 48.7    (W),43.1193333333,-106.5801944444,,NAD 83,(1986),,HD_HELD2,1667.586,NAVD 88,,POSTED,-13.280,GEOID18,1666.55,979940.1,,,,,,,,,,,,,WYEC,391185.,461289.,,,,,,,,B,1968,1968,MONUMENTED,USGS,Y,DB = BENCH MARK DISK,46 = COPPER-CLAD STEEL ROD W/O SLEEVE (10 FT.+),20 ARD 1968
,20260103,http://www.ngs.noaa.gov/cgi-bin/ds_mark.prl?PidBox=NQ0702,NQ0702,20 DHW,,,,WY,NIOBRARA,HAT CREEK (2017),42 57 32.     (N),104 15 39.     (W),42.9588888889,-104.2608333333,,NAD 83,(1986),,SCALED,1350.925,NAVD 88,,ADJUSTED,-14.757,GEOID18,1350.239,980064.8,,,,,,,,3,,,,,WY E,273490.,273910.,,,,,,,,D,1974,1974,MONUMENTED,USGS,Y,DB = BENCH MARK DISK,15 = METAL ROD DRIVEN INTO GROUND. SEE TEXT FOR ADDITIONAL INFORMATION.,20 DHW 1974
,20260103,http://www.ngs.noaa.gov/cgi-bin/ds_mark.prl?PidBox=PV0611,PV0611,20 GRS,,,,WY,CAMPBELL,WHITE TAIL BUTTE (2017),44 47 36.     (N),105 31 30.     (W),44.7933333333,-105.5250000000,,NAD 83,(1986),,SCALED,1275.269,NAVD 88,,POSTED,-14.625,GEOID18,1274.83,980232.1,,,,,,,,,,,,,WY E,476960.,171650.,,,,,,,,B,1971,1971,MONUMENTED,USGS,Y,DB = BENCH MARK DISK,46 = COPPER-CLAD STEEL ROD W/O SLEEVE (10 FT.+),20 GRS 1971
,20260103,http://www.ngs.noaa.gov/cgi-bin/ds_mark.prl?PidBox=NR0080,NR0080,20 HA,,,,WY,CARBON,WALKER DRAW NW (2017),42 11 50.     (N),106 08 55.     (W),42.1972222222,-106.1486111111,,NAD 83,(1986),,SCALED,2121.353,NAVD 88,,ADJUSTED,-12.348,GEOID18,2119.655,979745.2,,,,,,,,2,0,,,,WYEC,289160.,497850.,,,,,,,,C,1948,1959,GOOD,CGS,,DD = SURVEY DISK,7 = SET IN TOP OF CONCRETE MONUMENT,20 HA 1948
,20260103,http://www.ngs.noaa.gov/cgi-bin/ds_mark.prl?PidBox=OV0200,OV0200,20 JR,,,,WY,WASHAKIE,BATTLE MOUNTAIN (2017),43 30 58.     (N),107 32 09.     (W),43.5161111111,-107.5358333333,,NAD 83,(1986),,SCALED,1922.900,NAVD 88,,ADJUSTED,-11.853,GEOID18,1921.740,979946.7,,,,,,,,2,0,,,,WYEC,435010.,383630.,,,,,,,,C,1950,1966,GOOD,CGS,,DD = SURVEY DISK,7 = SET IN TOP OF CONCRETE MONUMENT,20 JR 1950 6306
,20260103,http://www.ngs.noaa.gov/cgi-bin/ds_mark.prl?PidBox=PY0986,PY0986,20 MDC,,,,WY,PARK,MOUNT WASHBURN (2017),44 51 54.     (N),110 23 50.     (W),44.8650000000,-110.3972222222,,NAD 83,(1986),,SCALED,2169.115,NAVD 88,,ADJUSTED,-8.521,GEOID18,2167.808,979937.4,,,,,,,,1,2,,,,WYWC,486180.,469830.,,,,,,,,C,1976,1987,GOOD,NGS,,DB = BENCH MARK DISK,80 = SET IN A BOULDER,20 MDC 1976 7112
,20260103,http://www.ngs.noaa.gov/cgi-bin/ds_mark.prl?PidBox=PY1117,PY1117,20 MDC,,,,WY,TETON,FLAGG RANCH (2017),44 05 55.     (N),110 40 05.     (W),44.0986111111,-110.6680555556,,NAD 83,(1986),,SCALED,2081.574,NAVD 88,,ADJUSTED,-8.519,GEOID18,2080.272,979918.7,,,,,,,,1,2,,,,WY W,499870.,753180.,,,,,,,,C,1977,20230912,MARK NOT FOUND,NPS,,DD = SURVEY DISK,32 = SET IN A RETAINING WALL OR CONCRETE LEDGE,20 MDC 1977 6840
,20260103,http://www.ngs.noaa.gov/cgi-bin/ds_mark.prl?PidBox=NQ0529,NQ0529,20 MILE,,,,WY,CONVERSE,LOST SPRINGS NW (2018),42 59 02.54557(N),104 59 08.30143(W),42.9840404361,-104.9856392861,,NAD 83,(1993),,ADJUSTED,1528.,NAVD 88,,SCALED,-15.128,GEOID18,,,,,,,,,1,,,,,,WY E,275896.802,214764.047,+0 07 24.3,0.99970303,13,4759042.616,501170.821,+0 00 35.2,0.99960002,A,1938,1970,GOOD,USGS,,DS = TRIANGULATION STATION DISK,66 = SET IN ROCK OUTCROP,20 MILE 1938
,20260103,http://www.ngs.noaa.gov/cgi-bin/ds_mark.prl?PidBox=OU0482,OU0482,20 RGB,,,,WY,WESTON,BUCK CREEK (2018),43 50 06.     (N),105 03 45.     (W),43.8350000000,-105.0625000000,,NAD 83,(1986),,SCALED,1405.067,NAVD 88,,POSTED,-14.924,GEOID18,1404.38,980083.1,,,,,,,,,,,,,WY E,370420.,208380.,,,,,,,,B,1971,1971,MONUMENTED,USGS,Y,DB = BENCH MARK DISK,46 = COPPER-CLAD STEEL ROD W/O SLEEVE (10 FT.+),20 RGB 1971
,20260103,http://www.ngs.noaa.gov/cgi-bin/ds_mark.prl?PidBox=OU0510,OU0510,20 SJS,,,,WY,CONVERSE,PINEY CREEK (2017),43 04 28.     (N),105 00 18.     (W),43.0744444444,-105.0050000000,,NAD 83,(1986),,SCALED,1434.471,NAVD 88,,ADJUSTED,-15.286,GEOID18,1433.668,980010.8,,,,,,,,3,,,,,WY E,285940.,213170.,,,,,,,,D,1970,1970,MONUMENTED,USGS,,DB = BENCH MARK DISK,15 = METAL ROD DRIVEN INTO GROUND. SEE TEXT FOR ADDITIONAL INFORMATION.,20 SJS 1970
,20260103,http://www.ngs.noaa.gov/cgi-bin/ds_mark.prl?PidBox=NT0671,NT0671,20 TET,,,,WY,LINCOLN,FONTENELLE RESERVOIR SE (2018),42 01 27.     (N),110 07 10.     (W),42.0241666667,-110.1194444444,,NAD 83,(1986),,SCALED,2034.295,NAVD 88,,ADJUSTED,-14.179,GEOID18,2032.602,979717.8,,,,,,,,3,,,,,WY W,269260.,797010.,,,,,,,,D,1968,1968,MONUMENTED,USGS,Y,DD = SURVEY DISK,15 = METAL ROD DRIVEN INTO GROUND. SEE TEXT FOR ADDITIONAL INFORMATION.,20 TET 1968
,20260103,http://www.ngs.noaa.gov/cgi-bin/ds_mark.prl?PidBox=PW0350,PW0350,20 WDE,,,,WY,BIG HORN,DEVILS KITCHEN (2017),44 31 07.     (N),107 54 32.     (W),44.5186111111,-107.9088888889,,NAD 83,(1986),,SCALED,1243.910,NAVD 88,,ADJUSTED,-11.730,GEOID18,1243.423,980183.0,,,,,,,,2,0,,,,WYEC,546530.,354240.,,,,,,,,C,1958,1966,GOOD,CGS,,DD = SURVEY DISK,7 = SET IN TOP OF CONCRETE MONUMENT,20 WDE 1958 TT 4079
,20260103,http://www.ngs.noaa.gov/cgi-bin/ds_mark.prl?PidBox=OV0453,OV0453,21 ARD,,,,WY,NATRONA,MERINO (2017),43 08 04.7    (N),106 34 49.6    (W),43.1346388889,-106.5804444444,,NAD 83,(1986),,HD_HELD2,1696.723,NAVD 88,,POSTED,-13.268,GEOID18,1695.67,979941.4,,,,,,,,,,,,,WYEC,392886.,461253.,,,,,,,,B,1968,1968,MONUMENTED,USGS,Y,DB = BENCH MARK DISK,46 = COPPER-CLAD STEEL ROD W/O SLEEVE (10 FT.+),21 ARD 1968
,20260103,http://www.ngs.noaa.gov/cgi-bin/ds_mark.prl?PidBox=NQ0703,NQ0703,21 DHW,,,,WY,NIOBRARA,HAT CREEK (2017),42 56 39.     (N),104 16 52.     (W),42.9441666667,-104.2811111111,,NAD 83,(1986),,SCALED,1342.918,NAVD 88,,ADJUSTED,-14.724,GEOID18,1342.233,980062.8,,,,,,,,3,,,,,WY E,271830.,272270.,,,,,,,,D,1974,1974,MONUMENTED,USGS,Y,DB = BENCH MARK DISK,15 = METAL ROD DRIVEN INTO GROUND. SEE TEXT FOR ADDITIONAL INFORMATION.,21 DHW 1974
,20260103,http://www.ngs.noaa.gov/cgi-bin/ds_mark.prl?PidBox=PV0612,PV0612,21 GRS,,,,WY,CAMPBELL,ROCKY BUTTE SW (2017),44 48 00.     (N),105 29 37.     (W),44.8000000000,-105.4936111111,,NAD 83,(1986),,SCALED,1186.662,NAVD 88,,POSTED,-14.657,GEOID18,1186.27,980246.8,,,,,,,,,,,,,WY E,477690.,174130.,,,,,,,,B,1971,1971,MONUMENTED,USGS,Y,DB = BENCH MARK DISK,46 = COPPER-CLAD STEEL ROD W/O SLEEVE (10 FT.+),21 GRS 1971
,20260103,http://www.ngs.noaa.gov/cgi-bin/ds_mark.prl?PidBox=NR0081,NR0081,21 HA,,,,WY,CARBON,WALKER DRAW NW (2017),42 12 28.     (N),106 08 46.     (W),42.2077777778,-106.1461111111,,NAD 83,(1986),,SCALED,2123.701,NAVD 88,,ADJUSTED,-12.305,GEOID18,2122.006,979747.0,,,,,,,,2,0,,,,WYEC,290340.,498040.,,,,,,,,C,1948,1959,GOOD,CGS,,DD = SURVEY DISK,7 = SET IN TOP OF CONCRETE MONUMENT,21 HA 1948
,20260103,http://www.ngs.noaa.gov/cgi-bin/ds_mark.prl?PidBox=OV0198,OV0198,21 JR,,,,WY,WASHAKIE,BATTLE MOUNTAIN (2017),43 32 07.     (N),107 31 26.     (W),43.5352777778,-107.5238888889,,NAD 83,(1986),,SCALED,1855.895,NAVD 88,,ADJUSTED,-11.795,GEOID18,1854.784,979954.4,,,,,,,,2,0,,,,WYEC,437140.,384600.,,,,,,,,C,1950,1966,GOOD,CGS,,DD = SURVEY DISK,7 = SET IN TOP OF CONCRETE MONUMENT,21 JR 1950 6086
,20260103,http://www.ngs.noaa.gov/cgi-bin/ds_mark.prl?PidBox=PY0984,PY0984,21 MDC,,,,WY,PARK,MOUNT WASHBURN (2017),44 52 25.     (N),110 22 55.     (W),44.8736111111,-110.3819444444,,NAD 83,(1986),,SCALED,2081.415,NAVD 88,,ADJUSTED,-8.496,GEOID18,2080.193,979955.9,,,,,,,,1,2,,,,WYWC,487120.,471050.,,,,,,,,C,1976,1987,GOOD,NGS,,DB = BENCH MARK DISK,80 = SET IN A BOULDER,21 MDC 1976 6824
,20260103,http://www.ngs.noaa.gov/cgi-bin/ds_mark.prl?PidBox=PY1122,PY1122,21 MDC,,,,WY,TETON,FLAGG RANCH (2017),44 05 24.     (N),110 40 26.     (W),44.0900000000,-110.6738888889,,NAD 83,(1986),,SCALED,2086.213,NAVD 88,,ADJUSTED,-8.533,GEOID18,2084.899,979914.2,,,,,,,,1,2,,,,WY W,498920.,752710.,,,,,,,,C,1977,1977,MONUMENTED,USGS,,DD = SURVEY DISK,32 = SET IN A RETAINING WALL OR CONCRETE LEDGE,21 MDC 1977 6840
,20260103,http://www.ngs.noaa.gov/cgi-bin/ds_mark.prl?PidBox=OU0481,OU0481,21 RGB,,,,WY,WESTON,BUCK CREEK (2018),43 51 19.     (N),105 03 27.     (W),43.8552777778,-105.0575000000,,NAD 83,(1986),,SCALED,1432.493,NAVD 88,,POSTED,-14.894,GEOID18,1431.79,980080.5,,,,,,,,,,,,,WY E,372680.,208780.,,,,,,,,B,1971,1971,MONUMENTED,USGS,Y,DB = BENCH MARK DISK,46 = COPPER-CLAD STEEL ROD W/O SLEEVE (10 FT.+),21 RGB 1971
,20260103,http://www.ngs.noaa.gov/cgi-bin/ds_mark.prl?PidBox=OU0511,OU0511,21 SJS,,,,WY,CONVERSE,SPLIT HILL SW (2017),43 03 59.     (N),104 59 04.     (W),43.0663888889,-104.9844444444,,NAD 83,(1986),,SCALED,1401.633,NAVD 88,,ADJUSTED,-15.275,GEOID18,1400.853,980014.6,,,,,,,,3,,,,,WY E,285050.,214840.,,,,,,,,D,1970,1970,MONUMENTED,USGS,,DB = BENCH MARK DISK,15 = METAL ROD DRIVEN INTO GROUND. SEE TEXT FOR ADDITIONAL INFORMATION.,21 SJS 1970
,20260103,http://www.ngs.noaa.gov/cgi-bin/ds_mark.prl?PidBox=PW0342,PW0342,21 WDE,,,,WY,BIG HORN,WILD HORSE FLATS (2017),44 29 42.     (N),107 58 40.     (W),44.4950000000,-107.9777777778,,NAD 83,(1986),,SCALED,1210.936,NAVD 88,,ADJUSTED,-12.233,GEOID18,1210.455,980179.4,,,,,,,,2,0,,,,WYEC,543950.,348750.,,,,,,,,C,1958,1966,GOOD,CGS,,DD = SURVEY DISK,7 = SET IN TOP OF CONCRETE MONUMENT,21 WDE 1958 3970
,20260103,http://www.ngs.noaa.gov/cgi-bin/ds_mark.prl?PidBox=MO1301,MO1301,211,,,,WY,ALBANY,LAKE IONE (2017),41 43 39.57337(N),105 41 42.01167(W),41.7276592694,-105.6950032417,,NAD 83,(1993),,ADJUSTED,2137.02,NAVD 88,,VERTCON3,-11.715,GEOID18,,,,,,,,,3,,,,,,WY E,136465.443,156043.438,-0 21 06.0,0.99962805,13,4619772.614,442196.547,-0 27 45.4,0.99964112,D,1934,1948,GOOD,WYGS,,DD = SURVEY DISK,9 = POST (STONE OR PRECAST CONCRETE),211
,20260103,http://www.ngs.noaa.gov/cgi-bin/ds_mark.prl?PidBox=OV0455,OV0455,22 ARD,,,,WY,NATRONA,MERINO (2017),43 09 05.3    (N),106 35 00.7    (W),43.1514722222,-106.5835277778,,NAD 83,(1986),,HD_HELD2,1712.678,NAVD 88,,POSTED,-13.249,GEOID18,1711.62,979943.4,,,,,,,,,,,,,WYEC,394753.,460986.,,,,,,,,B,1968,1968,MONUMENTED,USGS,Y,DB = BENCH MARK DISK,46 = COPPER-CLAD STEEL ROD W/O SLEEVE (10 FT.+),22 ARD 1968
,20260103,http://www.ngs.noaa.gov/cgi-bin/ds_mark.prl?PidBox=MQ0513,MQ0513,22 BE,,,,WY,SWEETWATER,AUSTIN RANCH (2017),41 40 23.64875(N),109 35 20.02512(W),41.6732357639,-109.5888958667,,NAD 83,(1993),,ADJUSTED,1999.18,NAVD 88,,VERTCON3,-14.873,GEOID18,,,,,,,,,3,,,,,,WYWC,130626.265,530146.466,-0 33 28.0,0.99968639,12,4614458.821,617461.659,+0 56 18.0,0.99976979,C,1958,1958,MONUMENTED,USGS,,DB = BENCH MARK DISK,7 = SET IN TOP OF CONCRETE MONUMENT,22 BE 1958
,20260103,http://www.ngs.noaa.gov/cgi-bin/ds_mark.prl?PidBox=MP0637,MP0637,22 DHW,,,,WY,CARBON,SHARP HILL (2017),41 20 25.09185(N),107 07 27.33444(W),41.3403032917,-107.1242595667,,NAD 83,(1993),,ADJUSTED,2574.2,NAVD 88,,VERTCON3,-11.782,GEOID18,,,,,,,,,3,,,,,,WYEC,193332.926,417498.587,+0 08 17.2,0.99953953,13,4578711.938,322263.282,-1 24 12.6,0.99998879,C,1959,1961,GOOD,USGS,,DD = SURVEY DISK,7 = SET IN TOP OF CONCRETE MONUMENT,22 DHW 1959
,20260103,http://www.ngs.noaa.gov/cgi-bin/ds_mark.prl?PidBox=NQ0704,NQ0704,22 DHW,,,,WY,NIOBRARA,HAT CREEK (2017),42 56 38.     (N),104 18 59.     (W),42.9438888889,-104.3163888889,,NAD 83,(1986),,SCALED,1349.830,NAVD 88,,ADJUSTED,-14.672,GEOID18,1349.141,980061.8,,,,,,,,3,,,,,WY E,271770.,269390.,,,,,,,,D,1974,1974,MONUMENTED,USGS,Y,DB = BENCH MARK DISK,15 = METAL ROD DRIVEN INTO GROUND. SEE TEXT FOR ADDITIONAL INFORMATION.,22 DHW 1974
,20260103,http://www.ngs.noaa.gov/cgi-bin/ds_mark.prl?PidBox=PV0613,PV0613,22 GRS,,,,WY,CAMPBELL,ROCKY BUTTE SW (2017),44 48 09.     (N),105 26 20.     (W),44.8025000000,-105.4388888889,,NAD 83,(1986),,SCALED,1125.561,NAVD 88,,POSTED,-14.715,GEOID18,1125.20,980259.7,,,,,,,,,,,,,WY E,477950.,178460.,,,,,,,,B,1971,1971,MONUMENTED,USGS,Y,DB = BENCH MARK DISK,46 = COPPER-CLAD STEEL ROD W/O SLEEVE (10 FT.+),22 GRS 1971
,20260103,http://www.ngs.noaa.gov/cgi-bin/ds_mark.prl?PidBox=NR0082,NR0082,22 HA,,,,WY,CARBON,WALKER DRAW NW (2017),42 13 27.     (N),106 08 38.     (W),42.2241666667,-106.1438888889,,NAD 83,(1986),,SCALED,2125.710,NAVD 88,,ADJUSTED,-12.244,GEOID18,2124.020,979749.9,,,,,,,,2,0,,,,WYEC,292160.,498190.,,,,,,,,C,1948,1959,GOOD,CGS,,DD = SURVEY DISK,7 = SET IN TOP OF CONCRETE MONUMENT,22 HA 1948
,20260103,http://www.ngs.noaa.gov/cgi-bin/ds_mark.prl?PidBox=OV0202,OV0202,22 JR,,,,WY,WASHAKIE,BATTLE MOUNTAIN (2017),43 32 48.4    (N),107 31 14.1    (W),43.5467777778,-107.5205833333,,NAD 83,(1986),,HD_HELD2,1801.387,NAVD 88,,ADJUSTED,-11.779,GEOID18,1800.315,979959.9,,,,,,,,2,0,,,,WYEC,438413.,384868.,,,,,,,,C,1950,20130509,GOOD,WYDT,Y,DD = SURVEY DISK,7 = SET IN TOP OF CONCRETE MONUMENT,22 JR 1950 5907
