DATA_DATE,DATA_SRCE,PID,NAME,DEC_LAT,DEC_LON,STATE,COUNTY,MARKER,SETTING,LAST_RECV,LAST_COND,LAST_RECBY,ORTHO_HT
20260103,http://www.ngs.noaa.gov/cgi-bin/ds_mark.prl?PidBox=LC1877,LC1877,0 7 RESET,40.7384468000,-89.0158961444,IL,WOODFORD,DB = BENCH MARK DISK,7 = SET IN TOP OF CONCRETE MONUMENT,19981023,MARK NOT FOUND,USPSQD,227.80
20260103,http://www.ngs.noaa.gov/cgi-bin/ds_mark.prl?PidBox=DK3249,DK3249,0001,41.8669444444,-88.1433333333,IL,DU PAGE,DD = SURVEY DISK,7 = SET IN TOP OF CONCRETE MONUMENT,20060829,MONUMENTED,PATRIC,221.862
20260103,http://www.ngs.noaa.gov/cgi-bin/ds_mark.prl?PidBox=DK3250,DK3250,0002,41.8661111111,-88.1427777778,IL,DU PAGE,DD = SURVEY DISK,7 = SET IN TOP OF CONCRETE MONUMENT,20230404,GOOD,IL-043,221.304
20260103,http://www.ngs.noaa.gov/cgi-bin/ds_mark.prl?PidBox=DK3247,DK3247,0003,41.7658333333,-88.1788888889,IL,DU PAGE,DD = SURVEY DISK,7 = SET IN TOP OF CONCRETE MONUMENT,20060829,MONUMENTED,PATRIC,209.170
20260103,http://www.ngs.noaa.gov/cgi-bin/ds_mark.prl?PidBox=DK3248,DK3248,0004,41.7702777778,-88.1819444444,IL,DU PAGE,DD = SURVEY DISK,7 = SET IN TOP OF CONCRETE MONUMENT,20060829,MONUMENTED,PATRIC,211.865
20260103,http://www.ngs.noaa.gov/cgi-bin/ds_mark.prl?PidBox=DK3311,DK3311,0005,41.7947222222,-88.0036111111,IL,DU PAGE,DD = SURVEY DISK,7 = SET IN TOP OF CONCRETE MONUMENT,20060829,MONUMENTED,PATRIC,217.728
20260103,http://www.ngs.noaa.gov/cgi-bin/ds_mark.prl?PidBox=DK3312,DK3312,0006,41.7958333333,-88.0066666667,IL,DU PAGE,DD = SURVEY DISK,7 = SET IN TOP OF CONCRETE MONUMENT,20221115,GOOD,PATRIC,219.086
20260103,http://www.ngs.noaa.gov/cgi-bin/ds_mark.prl?PidBox=DK3301,DK3301,0007,41.7136111111,-87.9322222222,IL,DU PAGE,DD = SURVEY DISK,7 = SET IN TOP OF CONCRETE MONUMENT,20060829,MONUMENTED,PATRIC,183.447
20260103,http://www.ngs.noaa.gov/cgi-bin/ds_mark.prl?PidBox=DP9640,DP9640,001,41.4526416667,-89.2392111111,IL,BUREAU,F = FLANGE-ENCASED ROD,59 = STAINLESS STEEL ROD IN SLEEVE (10 FT.+),20250404,GOOD,ILDT,212.848
20260103,http://www.ngs.noaa.gov/cgi-bin/ds_mark.prl?PidBox=ME3067,ME3067,001 COC,41.9834533444,-87.8167006250,IL,COOK,DD = SURVEY DISK,7 = SET IN TOP OF CONCRETE MONUMENT,19961026,GOOD,USPSQD,200.4
20260103,http://www.ngs.noaa.gov/cgi-bin/ds_mark.prl?PidBox=DK3251,DK3251,0010,41.9010861111,-87.9654111111,IL,DU PAGE,DD = SURVEY DISK,7 = SET IN TOP OF CONCRETE MONUMENT,20131015,GOOD,PATRIC,204.866
20260103,http://www.ngs.noaa.gov/cgi-bin/ds_mark.prl?PidBox=DK3252,DK3252,0011,41.8997638889,-87.9648194444,IL,DU PAGE,DD = SURVEY DISK,7 = SET IN TOP OF CONCRETE MONUMENT,20131015,GOOD,PATRIC,205.860
20260103,http://www.ngs.noaa.gov/cgi-bin/ds_mark.prl?PidBox=DK3228,DK3228,0013,41.9435350333,-88.1775119167,IL,DU PAGE,DD = SURVEY DISK,7 = SET IN TOP OF CONCRETE MONUMENT,20250616,GOOD,ASMINC,233.782
20260103,http://www.ngs.noaa.gov/cgi-bin/ds_mark.prl?PidBox=DK3227,DK3227,0014,41.9419444444,-88.1691666667,IL,DU PAGE,DD = SURVEY DISK,7 = SET IN TOP OF CONCRETE MONUMENT,20221114,GOOD,PATRIC,235.790
20260103,http://www.ngs.noaa.gov/cgi-bin/ds_mark.prl?PidBox=DK3309,DK3309,0015,41.9669444444,-87.9802777778,IL,DU PAGE,DD = SURVEY DISK,7 = SET IN TOP OF CONCRETE MONUMENT,20170519,GOOD,ASMINC,210.755
20260103,http://www.ngs.noaa.gov/cgi-bin/ds_mark.prl?PidBox=DK3310,DK3310,0016,41.9719444444,-87.9786111111,IL,DU PAGE,DD = SURVEY DISK,7 = SET IN TOP OF CONCRETE MONUMENT,20060829,MONUMENTED,PATRIC,216.061
20260103,http://www.ngs.noaa.gov/cgi-bin/ds_mark.prl?PidBox=DP9641,DP9641,002,41.4407527778,-89.2390388889,IL,BUREAU,F = FLANGE-ENCASED ROD,59 = STAINLESS STEEL ROD IN SLEEVE (10 FT.+),20230410,GOOD,ILDT,211.353
20260103,http://www.ngs.noaa.gov/cgi-bin/ds_mark.prl?PidBox=ME3071,ME3071,002 COC,41.9444092250,-87.8266049583,IL,COOK,DD = SURVEY DISK,7 = SET IN TOP OF CONCRETE MONUMENT,1977,MONUMENTED,IL1670,193.1
20260103,http://www.ngs.noaa.gov/cgi-bin/ds_mark.prl?PidBox=DP9642,DP9642,003,41.4262833333,-89.2389027778,IL,BUREAU,F = FLANGE-ENCASED ROD,59 = STAINLESS STEEL ROD IN SLEEVE (10 FT.+),20150428,MONUMENTED,BCA,211.402
20260103,http://www.ngs.noaa.gov/cgi-bin/ds_mark.prl?PidBox=ME3060,ME3060,003 COC,41.9594960389,-87.7868813028,IL,COOK,DD = SURVEY DISK,7 = SET IN TOP OF CONCRETE MONUMENT,1977,MONUMENTED,IL1670,189.5
20260103,http://www.ngs.noaa.gov/cgi-bin/ds_mark.prl?PidBox=DP9643,DP9643,004,41.4134444444,-89.2386000000,IL,BUREAU,F = FLANGE-ENCASED ROD,59 = STAINLESS STEEL ROD IN SLEEVE (10 FT.+),20250404,GOOD,ILDT,205.580
20260103,http://www.ngs.noaa.gov/cgi-bin/ds_mark.prl?PidBox=DP9644,DP9644,005,41.4005166667,-89.2389027778,IL,BUREAU,F = FLANGE-ENCASED ROD,59 = STAINLESS STEEL ROD IN SLEEVE (10 FT.+),20250311,GOOD,ILDT,202.123
20260103,http://www.ngs.noaa.gov/cgi-bin/ds_mark.prl?PidBox=ME3084,ME3084,005 COC,41.9643726917,-87.7525956500,IL,COOK,DD = SURVEY DISK,7 = SET IN TOP OF CONCRETE MONUMENT,1977,MONUMENTED,IL1670,186.
20260103,http://www.ngs.noaa.gov/cgi-bin/ds_mark.prl?PidBox=DP9645,DP9645,006,41.3935666667,-89.2476916667,IL,BUREAU,F = FLANGE-ENCASED ROD,59 = STAINLESS STEEL ROD IN SLEEVE (10 FT.+),20221129,GOOD,ILDT,196.940
20260103,http://www.ngs.noaa.gov/cgi-bin/ds_mark.prl?PidBox=DP9646,DP9646,007,41.3788000000,-89.2314361111,IL,BUREAU,F = FLANGE-ENCASED ROD,59 = STAINLESS STEEL ROD IN SLEEVE (10 FT.+),20200408,GOOD,ILDT,195.873
20260103,http://www.ngs.noaa.gov/cgi-bin/ds_mark.prl?PidBox=ME2878,ME2878,007 COC,41.9762965000,-87.7481479139,IL,COOK,DD = SURVEY DISK,7 = SET IN TOP OF CONCRETE MONUMENT,19961026,MARK NOT FOUND,USPSQD,186.
20260103,http://www.ngs.noaa.gov/cgi-bin/ds_mark.prl?PidBox=DP9647,DP9647,008,41.3715777778,-89.2186888889,IL,BUREAU,F = FLANGE-ENCASED ROD,59 = STAINLESS STEEL ROD IN SLEEVE (10 FT.+),20150501,MONUMENTED,BCA,197.220
20260103,http://www.ngs.noaa.gov/cgi-bin/ds_mark.prl?PidBox=DP9648,DP9648,009,41.3568611111,-89.2185833333,IL,BUREAU,F = FLANGE-ENCASED ROD,59 = STAINLESS STEEL ROD IN SLEEVE (10 FT.+),20150501,MONUMENTED,BCA,198.661
20260103,http://www.ngs.noaa.gov/cgi-bin/ds_mark.prl?PidBox=DP9649,DP9649,010,41.3444444444,-89.2183611111,IL,BUREAU,F = FLANGE-ENCASED ROD,59 = STAINLESS STEEL ROD IN SLEEVE (10 FT.+),20150501,MONUMENTED,BCA,198.249
20260103,http://www.ngs.noaa.gov/cgi-bin/ds_mark.prl?PidBox=ME2851,ME2851,010 COC,41.9830416167,-87.7016575194,IL,COOK,DD = SURVEY DISK,7 = SET IN TOP OF CONCRETE MONUMENT,19961026,MARK NOT FOUND,USPSQD,182.
20260103,http://www.ngs.noaa.gov/cgi-bin/ds_mark.prl?PidBox=DK3183,DK3183,0100,41.8863888889,-87.9611111111,IL,DU PAGE,DD = SURVEY DISK,36 = SET IN A MASSIVE STRUCTURE,20060825,MONUMENTED,PATRIC,210.227
20260103,http://www.ngs.noaa.gov/cgi-bin/ds_mark.prl?PidBox=DK3184,DK3184,0101,41.8821888889,-88.0109777778,IL,DU PAGE,Q = CHISELED SQUARE,31 = SET IN A PAVEMENT SUCH AS STREET SIDEWALK CURB ETC.,20131017,GOOD,PATRIC,218.215
20260103,http://www.ngs.noaa.gov/cgi-bin/ds_mark.prl?PidBox=DK3185,DK3185,0102,41.8816583333,-88.0322944444,IL,DU PAGE,DD = SURVEY DISK,31 = SET IN A PAVEMENT SUCH AS STREET SIDEWALK CURB ETC.,20150528,GOOD,INDIV,217.782
20260103,http://www.ngs.noaa.gov/cgi-bin/ds_mark.prl?PidBox=DP0968,DP0968,0103 RESET,41.8814444444,-88.0355000000,IL,DU PAGE,DD = SURVEY DISK,36 = SET IN A MASSIVE STRUCTURE,20170209,GOOD,ASMINC,211.757
20260103,http://www.ngs.noaa.gov/cgi-bin/ds_mark.prl?PidBox=DK3187,DK3187,0104,41.8785791278,-88.0554916833,IL,DU PAGE,DD = SURVEY DISK,36 = SET IN A MASSIVE STRUCTURE,20131017,GOOD,PATRIC,222.832
20260103,http://www.ngs.noaa.gov/cgi-bin/ds_mark.prl?PidBox=DK3188,DK3188,0105,41.8762027778,-88.0665527778,IL,DU PAGE,DD = SURVEY DISK,32 = SET IN A RETAINING WALL OR CONCRETE LEDGE,20250520,GOOD,ASMINC,227.162
20260103,http://www.ngs.noaa.gov/cgi-bin/ds_mark.prl?PidBox=DK3189,DK3189,0106,41.8680555556,-88.0902777778,IL,DU PAGE,DD = SURVEY DISK,31 = SET IN A PAVEMENT SUCH AS STREET SIDEWALK CURB ETC.,20250221,GOOD,ASMINC,228.168
20260103,http://www.ngs.noaa.gov/cgi-bin/ds_mark.prl?PidBox=DK3190,DK3190,0107,41.8641666667,-88.1063888889,IL,DU PAGE,DD = SURVEY DISK,31 = SET IN A PAVEMENT SUCH AS STREET SIDEWALK CURB ETC.,20060825,MONUMENTED,PATRIC,226.552
20260103,http://www.ngs.noaa.gov/cgi-bin/ds_mark.prl?PidBox=DK3191,DK3191,0108,41.8638888889,-88.1097222222,IL,DU PAGE,DD = SURVEY DISK,31 = SET IN A PAVEMENT SUCH AS STREET SIDEWALK CURB ETC.,20060827,MONUMENTED,PATRIC,227.356
20260103,http://www.ngs.noaa.gov/cgi-bin/ds_mark.prl?PidBox=DK3278,DK3278,0109,41.8641666667,-88.1161111111,IL,DU PAGE,DD = SURVEY DISK,32 = SET IN A RETAINING WALL OR CONCRETE LEDGE,20060826,MONUMENTED,PATRIC,229.577
20260103,http://www.ngs.noaa.gov/cgi-bin/ds_mark.prl?PidBox=DP9650,DP9650,011,41.3314472222,-89.2145277778,IL,BUREAU,F = FLANGE-ENCASED ROD,59 = STAINLESS STEEL ROD IN SLEEVE (10 FT.+),20250304,GOOD,ILDT,184.054
20260103,http://www.ngs.noaa.gov/cgi-bin/ds_mark.prl?PidBox=ME2853,ME2853,011 COC,41.9467197667,-87.7030938111,IL,COOK,DD = SURVEY DISK,7 = SET IN TOP OF CONCRETE MONUMENT,1977,MONUMENTED,IL1670,180.
20260103,http://www.ngs.noaa.gov/cgi-bin/ds_mark.prl?PidBox=DK3279,DK3279,0110,41.8719444444,-88.1200000000,IL,DU PAGE,DD = SURVEY DISK,32 = SET IN A RETAINING WALL OR CONCRETE LEDGE,20060826,MONUMENTED,PATRIC,223.886
20260103,http://www.ngs.noaa.gov/cgi-bin/ds_mark.prl?PidBox=DK3280,DK3280,0111,41.8755555556,-88.1269444444,IL,DU PAGE,DD = SURVEY DISK,31 = SET IN A PAVEMENT SUCH AS STREET SIDEWALK CURB ETC.,20060827,MONUMENTED,PATRIC,229.636
20260103,http://www.ngs.noaa.gov/cgi-bin/ds_mark.prl?PidBox=DK3281,DK3281,0112,41.8883333333,-88.1516666667,IL,DU PAGE,DD = SURVEY DISK,32 = SET IN A RETAINING WALL OR CONCRETE LEDGE,20060827,MONUMENTED,PATRIC,221.666
20260103,http://www.ngs.noaa.gov/cgi-bin/ds_mark.prl?PidBox=DK3282,DK3282,0113,41.8905555556,-88.1561111111,IL,DU PAGE,DD = SURVEY DISK,32 = SET IN A RETAINING WALL OR CONCRETE LEDGE,20060827,MONUMENTED,PATRIC,220.975
20260103,http://www.ngs.noaa.gov/cgi-bin/ds_mark.prl?PidBox=DK3283,DK3283,0114,41.9008333333,-88.1766666667,IL,DU PAGE,DD = SURVEY DISK,32 = SET IN A RETAINING WALL OR CONCRETE LEDGE,20060829,MONUMENTED,PATRIC,222.267
20260103,http://www.ngs.noaa.gov/cgi-bin/ds_mark.prl?PidBox=DK3284,DK3284,0115,41.9038888889,-88.1847222222,IL,DU PAGE,DD = SURVEY DISK,32 = SET IN A RETAINING WALL OR CONCRETE LEDGE,20060828,MONUMENTED,PATRIC,223.497
20260103,http://www.ngs.noaa.gov/cgi-bin/ds_mark.prl?PidBox=DK3285,DK3285,0116,41.9100000000,-88.1966666667,IL,DU PAGE,DD = SURVEY DISK,32 = SET IN A RETAINING WALL OR CONCRETE LEDGE,20060827,MONUMENTED,PATRIC,229.117
20260103,http://www.ngs.noaa.gov/cgi-bin/ds_mark.prl?PidBox=DK3286,DK3286,0117,41.9444444444,-88.2344444444,IL,DU PAGE,DD = SURVEY DISK,32 = SET IN A RETAINING WALL OR CONCRETE LEDGE,20060827,MONUMENTED,PATRIC,233.369
20260103,http://www.ngs.noaa.gov/cgi-bin/ds_mark.prl?PidBox=DK3287,DK3287,0118,41.9513888889,-88.2422222222,IL,DU PAGE,DD = SURVEY DISK,31 = SET IN A PAVEMENT SUCH AS STREET SIDEWALK CURB ETC.,20090224,GOOD,ILDT,230.851
20260103,http://www.ngs.noaa.gov/cgi-bin/ds_mark.prl?PidBox=DH6194,DH6194,0119,41.4132055000,-88.5948489889,IL,GRUNDY,F = FLANGE-ENCASED ROD,59 = STAINLESS STEEL ROD IN SLEEVE (10 FT.+),20200615,GOOD,ILDT,199.4
20260103,http://www.ngs.noaa.gov/cgi-bin/ds_mark.prl?PidBox=DK3288,DK3288,0119,41.9572222222,-88.2483333333,IL,DU PAGE,DD = SURVEY DISK,32 = SET IN A RETAINING WALL OR CONCRETE LEDGE,20090804,GOOD,PATRIC,227.794
20260103,http://www.ngs.noaa.gov/cgi-bin/ds_mark.prl?PidBox=DP9651,DP9651,012,41.3257305556,-89.1997083333,IL,BUREAU,F = FLANGE-ENCASED ROD,59 = STAINLESS STEEL ROD IN SLEEVE (10 FT.+),20150501,MONUMENTED,BCA,183.603
20260103,http://www.ngs.noaa.gov/cgi-bin/ds_mark.prl?PidBox=DK3289,DK3289,0120,41.9669816667,-88.2590389056,IL,DU PAGE,DD = SURVEY DISK,32 = SET IN A RETAINING WALL OR CONCRETE LEDGE,20090804,GOOD,PATRIC,227.549
20260103,http://www.ngs.noaa.gov/cgi-bin/ds_mark.prl?PidBox=DP0967,DP0967,0121 RESET,41.8195277778,-88.1931666667,IL,DU PAGE,DD = SURVEY DISK,34 = SET IN THE FOOTINGS OF SMALL/MEDIUM STRUCTURES,20221121,GOOD,PATRIC,216.283
20260103,http://www.ngs.noaa.gov/cgi-bin/ds_mark.prl?PidBox=DK3291,DK3291,0122,41.8102666667,-88.2078916667,IL,DU PAGE,DD = SURVEY DISK,36 = SET IN A MASSIVE STRUCTURE,20131021,GOOD,PATRIC,220.629
20260103,http://www.ngs.noaa.gov/cgi-bin/ds_mark.prl?PidBox=DK3292,DK3292,0123,41.8027361111,-88.2173277778,IL,DU PAGE,DD = SURVEY DISK,36 = SET IN A MASSIVE STRUCTURE,20131021,GOOD,PATRIC,220.080
20260103,http://www.ngs.noaa.gov/cgi-bin/ds_mark.prl?PidBox=DK3293,DK3293,0124,41.8013888889,-88.2397222222,IL,DU PAGE,DD = SURVEY DISK,35 = SET IN A MAT FOUNDATION OR CONCRETE SLAB OTHER THAN PAVEMENT,20221205,GOOD,PATRIC,227.852
20260103,http://www.ngs.noaa.gov/cgi-bin/ds_mark.prl?PidBox=DK3294,DK3294,0125,41.8013888889,-88.2513888889,IL,DU PAGE,DD = SURVEY DISK,32 = SET IN A RETAINING WALL OR CONCRETE LEDGE,20221205,GOOD,PATRIC,221.767
20260103,http://www.ngs.noaa.gov/cgi-bin/ds_mark.prl?PidBox=DK3276,DK3276,0126,41.8147222222,-88.2686111111,IL,KANE,DD = SURVEY DISK,31 = SET IN A PAVEMENT SUCH AS STREET SIDEWALK CURB ETC.,20150928,GOOD,ILDT,226.834
20260103,http://www.ngs.noaa.gov/cgi-bin/ds_mark.prl?PidBox=DK3277,DK3277,0127,41.8138888889,-88.2738888889,IL,KANE,DD = SURVEY DISK,34 = SET IN THE FOOTINGS OF SMALL/MEDIUM STRUCTURES,20150928,GOOD,ILDT,223.522
20260103,http://www.ngs.noaa.gov/cgi-bin/ds_mark.prl?PidBox=DK3295,DK3295,0128,41.8191666667,-88.2708333333,IL,KANE,DD = SURVEY DISK,32 = SET IN A RETAINING WALL OR CONCRETE LEDGE,20060822,MONUMENTED,PATRIC,223.140
20260103,http://www.ngs.noaa.gov/cgi-bin/ds_mark.prl?PidBox=DP9652,DP9652,013,41.3066111111,-89.1999722222,IL,PUTNAM,F = FLANGE-ENCASED ROD,59 = STAINLESS STEEL ROD IN SLEEVE (10 FT.+),20160418,MARK NOT FOUND,ILDT,140.127
20260103,http://www.ngs.noaa.gov/cgi-bin/ds_mark.prl?PidBox=NG0502,NG0502,013 COC,42.0127348778,-87.6631937528,IL,COOK,DD = SURVEY DISK,7 = SET IN TOP OF CONCRETE MONUMENT,19951119,GOOD,USPSQD,180.
20260103,http://www.ngs.noaa.gov/cgi-bin/ds_mark.prl?PidBox=DK3200,DK3200,0130,41.9438888889,-88.1805555556,IL,DU PAGE,DD = SURVEY DISK,37 = SET IN A MASSIVE RETAINING WALL,20090224,GOOD,ILDT,226.211
20260103,http://www.ngs.noaa.gov/cgi-bin/ds_mark.prl?PidBox=DK3194,DK3194,0131,41.9316666667,-88.1750000000,IL,DU PAGE,DD = SURVEY DISK,32 = SET IN A RETAINING WALL OR CONCRETE LEDGE,20090224,GOOD,ILDT,227.936
20260103,http://www.ngs.noaa.gov/cgi-bin/ds_mark.prl?PidBox=DR8788,DR8788,0131 RESET,41.9330555556,-88.1747222222,IL,DU PAGE,DD = SURVEY DISK,34 = SET IN THE FOOTINGS OF SMALL/MEDIUM STRUCTURES,20221114,MONUMENTED,PATRIC,229.128
20260103,http://www.ngs.noaa.gov/cgi-bin/ds_mark.prl?PidBox=DK3195,DK3195,0132,41.9300000000,-88.1563888889,IL,DU PAGE,DD = SURVEY DISK,31 = SET IN A PAVEMENT SUCH AS STREET SIDEWALK CURB ETC.,20221114,GOOD,PATRIC,237.161
20260103,http://www.ngs.noaa.gov/cgi-bin/ds_mark.prl?PidBox=DK3197,DK3197,0133,41.7478416667,-88.1479555556,IL,DU PAGE,DD = SURVEY DISK,31 = SET IN A PAVEMENT SUCH AS STREET SIDEWALK CURB ETC.,20131028,GOOD,PATRIC,212.665
20260103,http://www.ngs.noaa.gov/cgi-bin/ds_mark.prl?PidBox=DK3196,DK3196,0134,41.7486000000,-88.1147666667,IL,DU PAGE,DD = SURVEY DISK,31 = SET IN A PAVEMENT SUCH AS STREET SIDEWALK CURB ETC.,20131028,GOOD,PATRIC,216.240
20260103,http://www.ngs.noaa.gov/cgi-bin/ds_mark.prl?PidBox=DK3296,DK3296,0135,41.7641666667,-87.9352777778,IL,DU PAGE,DD = SURVEY DISK,31 = SET IN A PAVEMENT SUCH AS STREET SIDEWALK CURB ETC.,20250603,GOOD,ASMINC,223.169
20260103,http://www.ngs.noaa.gov/cgi-bin/ds_mark.prl?PidBox=DK3297,DK3297,0136,41.7711111111,-87.9163888889,IL,DU PAGE,DD = SURVEY DISK,31 = SET IN A PAVEMENT SUCH AS STREET SIDEWALK CURB ETC.,20060829,MONUMENTED,PATRIC,213.091
20260103,http://www.ngs.noaa.gov/cgi-bin/ds_mark.prl?PidBox=DK3298,DK3298,0137,41.7791666667,-87.8966666667,IL,COOK,DD = SURVEY DISK,31 = SET IN A PAVEMENT SUCH AS STREET SIDEWALK CURB ETC.,20060829,MONUMENTED,PATRIC,214.984
20260103,http://www.ngs.noaa.gov/cgi-bin/ds_mark.prl?PidBox=DK3299,DK3299,0138,41.8041666667,-87.9041666667,IL,COOK,DD = SURVEY DISK,31 = SET IN A PAVEMENT SUCH AS STREET SIDEWALK CURB ETC.,20060829,MONUMENTED,PATRIC,196.956
20260103,http://www.ngs.noaa.gov/cgi-bin/ds_mark.prl?PidBox=DK3198,DK3198,0139,41.8030555556,-87.9272222222,IL,DU PAGE,DD = SURVEY DISK,35 = SET IN A MAT FOUNDATION OR CONCRETE SLAB OTHER THAN PAVEMENT,20060829,MONUMENTED,PATRIC,209.953
20260103,http://www.ngs.noaa.gov/cgi-bin/ds_mark.prl?PidBox=DP9653,DP9653,014,41.2944000000,-89.2037027778,IL,PUTNAM,F = FLANGE-ENCASED ROD,59 = STAINLESS STEEL ROD IN SLEEVE (10 FT.+),20220920,GOOD,ILDT,195.093
20260103,http://www.ngs.noaa.gov/cgi-bin/ds_mark.prl?PidBox=ME2871,ME2871,014 COC,41.9133853306,-87.6326629222,IL,COOK,DD = SURVEY DISK,7 = SET IN TOP OF CONCRETE MONUMENT,1983,GOOD,IL1670,182.
20260103,http://www.ngs.noaa.gov/cgi-bin/ds_mark.prl?PidBox=DK3305,DK3305,0140,41.8272222222,-87.9402777778,IL,DU PAGE,DD = SURVEY DISK,32 = SET IN A RETAINING WALL OR CONCRETE LEDGE,20060829,MONUMENTED,PATRIC,197.782
20260103,http://www.ngs.noaa.gov/cgi-bin/ds_mark.prl?PidBox=DK3304,DK3304,0141,41.9241666667,-87.9669444444,IL,DU PAGE,DD = SURVEY DISK,36 = SET IN A MASSIVE STRUCTURE,20221128,GOOD,PATRIC,215.692
20260103,http://www.ngs.noaa.gov/cgi-bin/ds_mark.prl?PidBox=DK3306,DK3306,0142,41.9300000000,-87.9566666667,IL,DU PAGE,DD = SURVEY DISK,35 = SET IN A MAT FOUNDATION OR CONCRETE SLAB OTHER THAN PAVEMENT,20221128,GOOD,PATRIC,213.084
20260103,http://www.ngs.noaa.gov/cgi-bin/ds_mark.prl?PidBox=DK3307,DK3307,0143,41.9305555556,-87.9041666667,IL,COOK,DD = SURVEY DISK,31 = SET IN A PAVEMENT SUCH AS STREET SIDEWALK CURB ETC.,20171025,MARK NOT FOUND,INDIV,198.204
20260103,http://www.ngs.noaa.gov/cgi-bin/ds_mark.prl?PidBox=DR8795,DR8795,0143 RESET,41.9306944444,-87.9043055556,IL,COOK,DD = SURVEY DISK,35 = SET IN A MAT FOUNDATION OR CONCRETE SLAB OTHER THAN PAVEMENT,20221128,MONUMENTED,PATRIC,198.261
20260103,http://www.ngs.noaa.gov/cgi-bin/ds_mark.prl?PidBox=DK3199,DK3199,0144,41.9305494889,-87.8900985944,IL,COOK,DB = BENCH MARK DISK,32 = SET IN A RETAINING WALL OR CONCRETE LEDGE,20221128,GOOD,PATRIC,196.189
20260103,http://www.ngs.noaa.gov/cgi-bin/ds_mark.prl?PidBox=DK3300,DK3300,0145,41.9458175778,-87.9599414361,IL,DU PAGE,DD = SURVEY DISK,32 = SET IN A RETAINING WALL OR CONCRETE LEDGE,20220725,GOOD,CWA,209.073
20260103,http://www.ngs.noaa.gov/cgi-bin/ds_mark.prl?PidBox=DK3192,DK3192,0146,41.9611111111,-87.9650000000,IL,DU PAGE,DD = SURVEY DISK,31 = SET IN A PAVEMENT SUCH AS STREET SIDEWALK CURB ETC.,20060725,MONUMENTED,PATRIC,212.854
20260103,http://www.ngs.noaa.gov/cgi-bin/ds_mark.prl?PidBox=DK3193,DK3193,0147,41.9719444444,-88.0241666667,IL,DU PAGE,DD = SURVEY DISK,36 = SET IN A MASSIVE STRUCTURE,20060829,MONUMENTED,PATRIC,218.351
20260103,http://www.ngs.noaa.gov/cgi-bin/ds_mark.prl?PidBox=DK3204,DK3204,0148,41.9730555556,-88.0311111111,IL,DU PAGE,DD = SURVEY DISK,35 = SET IN A MAT FOUNDATION OR CONCRETE SLAB OTHER THAN PAVEMENT,20090224,GOOD,ILDT,221.801
20260103,http://www.ngs.noaa.gov/cgi-bin/ds_mark.prl?PidBox=DK3205,DK3205,0149,41.9755555556,-88.0419444444,IL,DU PAGE,DD = SURVEY DISK,31 = SET IN A PAVEMENT SUCH AS STREET SIDEWALK CURB ETC.,20090224,GOOD,ILDT,225.064
20260103,http://www.ngs.noaa.gov/cgi-bin/ds_mark.prl?PidBox=NG0514,NG0514,015,42.0222927444,-87.6670407444,IL,COOK,DD = SURVEY DISK,7 = SET IN TOP OF CONCRETE MONUMENT,19951119,MARK NOT FOUND,USPSQD,180.
20260103,http://www.ngs.noaa.gov/cgi-bin/ds_mark.prl?PidBox=DP9654,DP9654,015,41.2798250000,-89.2019138889,IL,PUTNAM,F = FLANGE-ENCASED ROD,59 = STAINLESS STEEL ROD IN SLEEVE (10 FT.+),20250415,GOOD,ILDT,198.551
20260103,http://www.ngs.noaa.gov/cgi-bin/ds_mark.prl?PidBox=DK3182,DK3182,0150,41.6813888889,-87.9697222222,IL,COOK,DD = SURVEY DISK,32 = SET IN A RETAINING WALL OR CONCRETE LEDGE,20090524,GOOD,GEOCAC,185.668
20260103,http://www.ngs.noaa.gov/cgi-bin/ds_mark.prl?PidBox=DK3181,DK3181,0151,41.6876861111,-87.9504166667,IL,COOK,DD = SURVEY DISK,32 = SET IN A RETAINING WALL OR CONCRETE LEDGE,20110520,GOOD,AMESC,184.974
20260103,http://www.ngs.noaa.gov/cgi-bin/ds_mark.prl?PidBox=DK3180,DK3180,0152,41.6880305556,-87.9306527778,IL,COOK,DD = SURVEY DISK,32 = SET IN A RETAINING WALL OR CONCRETE LEDGE,20110520,GOOD,AMESC,192.993
20260103,http://www.ngs.noaa.gov/cgi-bin/ds_mark.prl?PidBox=DK3179,DK3179,0153,41.6981277778,-87.9366194444,IL,COOK,DD = SURVEY DISK,31 = SET IN A PAVEMENT SUCH AS STREET SIDEWALK CURB ETC.,20130815,GOOD,PATRIC,190.621
20260103,http://www.ngs.noaa.gov/cgi-bin/ds_mark.prl?PidBox=DK3178,DK3178,0154,41.7038166667,-87.9254027778,IL,COOK,DD = SURVEY DISK,32 = SET IN A RETAINING WALL OR CONCRETE LEDGE,20241228,GOOD,INDIV,186.827
20260103,http://www.ngs.noaa.gov/cgi-bin/ds_mark.prl?PidBox=DK3207,DK3207,0155,42.0030555556,-88.1488888889,IL,COOK,DD = SURVEY DISK,31 = SET IN A PAVEMENT SUCH AS STREET SIDEWALK CURB ETC.,20060829,MONUMENTED,PATRIC,252.329
20260103,http://www.ngs.noaa.gov/cgi-bin/ds_mark.prl?PidBox=DK3208,DK3208,0156,41.9900000000,-88.1586111111,IL,COOK,DD = SURVEY DISK,31 = SET IN A PAVEMENT SUCH AS STREET SIDEWALK CURB ETC.,20060829,MONUMENTED,PATRIC,250.303
20260103,http://www.ngs.noaa.gov/cgi-bin/ds_mark.prl?PidBox=DK3209,DK3209,0157,41.9944444444,-88.1650000000,IL,COOK,DD = SURVEY DISK,32 = SET IN A RETAINING WALL OR CONCRETE LEDGE,20060829,MONUMENTED,PATRIC,244.197
20260103,http://www.ngs.noaa.gov/cgi-bin/ds_mark.prl?PidBox=DK3206,DK3206,0158,41.9919444444,-88.1013888889,IL,COOK,DD = SURVEY DISK,31 = SET IN A PAVEMENT SUCH AS STREET SIDEWALK CURB ETC.,20060829,MONUMENTED,PATRIC,244.721
20260103,http://www.ngs.noaa.gov/cgi-bin/ds_mark.prl?PidBox=DK3201,DK3201,0159,41.7385298444,-88.1865049000,IL,DU PAGE,DD = SURVEY DISK,32 = SET IN A RETAINING WALL OR CONCRETE LEDGE,20060823,MONUMENTED,PATRIC,205.593
20260103,http://www.ngs.noaa.gov/cgi-bin/ds_mark.prl?PidBox=DP9655,DP9655,016,41.2651722222,-89.2024666667,IL,PUTNAM,F = FLANGE-ENCASED ROD,59 = STAINLESS STEEL ROD IN SLEEVE (10 FT.+),20250424,GOOD,ILDT,205.744
20260103,http://www.ngs.noaa.gov/cgi-bin/ds_mark.prl?PidBox=ME2824,ME2824,016 COC,41.8829496250,-87.6651053583,IL,COOK,DS = TRIANGULATION STATION DISK,7 = SET IN TOP OF CONCRETE MONUMENT,20111202,GOOD,GEOCAC,182.
20260103,http://www.ngs.noaa.gov/cgi-bin/ds_mark.prl?PidBox=DK3210,DK3210,0160,41.9950000000,-88.1738888889,IL,COOK,DD = SURVEY DISK,31 = SET IN A PAVEMENT SUCH AS STREET SIDEWALK CURB ETC.,20060829,MONUMENTED,PATRIC,241.623
20260103,http://www.ngs.noaa.gov/cgi-bin/ds_mark.prl?PidBox=DK3211,DK3211,0161,41.9947222222,-88.2066666667,IL,COOK,DD = SURVEY DISK,31 = SET IN A PAVEMENT SUCH AS STREET SIDEWALK CURB ETC.,20060829,MONUMENTED,PATRIC,242.147
20260103,http://www.ngs.noaa.gov/cgi-bin/ds_mark.prl?PidBox=DK3212,DK3212,0162,41.9877777778,-88.2108333333,IL,COOK,DD = SURVEY DISK,31 = SET IN A PAVEMENT SUCH AS STREET SIDEWALK CURB ETC.,20060829,MONUMENTED,PATRIC,255.939
20260103,http://www.ngs.noaa.gov/cgi-bin/ds_mark.prl?PidBox=DK3213,DK3213,0163,41.9747222222,-88.2097222222,IL,DU PAGE,DD = SURVEY DISK,32 = SET IN A RETAINING WALL OR CONCRETE LEDGE,20090224,GOOD,ILDT,243.765
20260103,http://www.ngs.noaa.gov/cgi-bin/ds_mark.prl?PidBox=DK3202,DK3202,0164,41.9750000000,-88.2230555556,IL,DU PAGE,DD = SURVEY DISK,31 = SET IN A PAVEMENT SUCH AS STREET SIDEWALK CURB ETC.,20160225,GOOD,INDIV,244.811
20260103,http://www.ngs.noaa.gov/cgi-bin/ds_mark.prl?PidBox=DK3203,DK3203,0165,41.9758333333,-88.2369444444,IL,DU PAGE,DD = SURVEY DISK,35 = SET IN A MAT FOUNDATION OR CONCRETE SLAB OTHER THAN PAVEMENT,20220608,GOOD,LOCENG,235.480
20260103,http://www.ngs.noaa.gov/cgi-bin/ds_mark.prl?PidBox=DK3214,DK3214,0166,41.8081638889,-88.0378555556,IL,DU PAGE,DD = SURVEY DISK,38 = SET IN THE ABUTMENT OR PIER OF A LARGE BRIDGE,20131010,GOOD,PATRIC,235.003
20260103,http://www.ngs.noaa.gov/cgi-bin/ds_mark.prl?PidBox=DK3215,DK3215,0167,41.8088916667,-88.1389000000,IL,DU PAGE,DD = SURVEY DISK,32 = SET IN A RETAINING WALL OR CONCRETE LEDGE,20131021,GOOD,PATRIC,231.615
20260103,http://www.ngs.noaa.gov/cgi-bin/ds_mark.prl?PidBox=DP0965,DP0965,0168 RESET,41.8181666667,-88.1763611111,IL,DU PAGE,DD = SURVEY DISK,35 = SET IN A MAT FOUNDATION OR CONCRETE SLAB OTHER THAN PAVEMENT,20221121,GOOD,PATRIC,212.988
20260103,http://www.ngs.noaa.gov/cgi-bin/ds_mark.prl?PidBox=DK3217,DK3217,0169,41.8616666667,-88.1247222222,IL,DU PAGE,DD = SURVEY DISK,32 = SET IN A RETAINING WALL OR CONCRETE LEDGE,20060829,MONUMENTED,PATRIC,221.899
20260103,http://www.ngs.noaa.gov/cgi-bin/ds_mark.prl?PidBox=DP9656,DP9656,017,41.2393805556,-89.2019111111,IL,PUTNAM,F = FLANGE-ENCASED ROD,59 = STAINLESS STEEL ROD IN SLEEVE (10 FT.+),20230929,GOOD,ILDT,211.305
20260103,http://www.ngs.noaa.gov/cgi-bin/ds_mark.prl?PidBox=ME3137,ME3137,017 COC,41.8730716056,-87.7504296917,IL,COOK,DD = SURVEY DISK,7 = SET IN TOP OF CONCRETE MONUMENT,1977,MONUMENTED,IL1670,185.
20260103,http://www.ngs.noaa.gov/cgi-bin/ds_mark.prl?PidBox=DK3218,DK3218,0170,41.9655555556,-88.2408333333,IL,DU PAGE,DD = SURVEY DISK,32 = SET IN A RETAINING WALL OR CONCRETE LEDGE,20141105,GOOD,ASMINC,231.289
20260103,http://www.ngs.noaa.gov/cgi-bin/ds_mark.prl?PidBox=DK3219,DK3219,0171,41.8655555556,-88.1344444444,IL,DU PAGE,DD = SURVEY DISK,31 = SET IN A PAVEMENT SUCH AS STREET SIDEWALK CURB ETC.,20060829,MONUMENTED,PATRIC,225.543
20260103,http://www.ngs.noaa.gov/cgi-bin/ds_mark.prl?PidBox=DK3220,DK3220,0172,41.9319444444,-88.2411111111,IL,DU PAGE,DD = SURVEY DISK,31 = SET IN A PAVEMENT SUCH AS STREET SIDEWALK CURB ETC.,20210420,GOOD,ASMINC,230.871
20260103,http://www.ngs.noaa.gov/cgi-bin/ds_mark.prl?PidBox=DK3221,DK3221,0173,41.8966666667,-88.0916666667,IL,DU PAGE,DD = SURVEY DISK,32 = SET IN A RETAINING WALL OR CONCRETE LEDGE,20060829,MONUMENTED,PATRIC,233.618
20260103,http://www.ngs.noaa.gov/cgi-bin/ds_mark.prl?PidBox=DK3222,DK3222,0174,41.9169444444,-88.1011111111,IL,DU PAGE,DD = SURVEY DISK,31 = SET IN A PAVEMENT SUCH AS STREET SIDEWALK CURB ETC.,20210315,GOOD,ASMINC,247.662
20260103,http://www.ngs.noaa.gov/cgi-bin/ds_mark.prl?PidBox=DP0971,DP0971,0175 RESET,41.9285833333,-88.1012222222,IL,DU PAGE,DD = SURVEY DISK,35 = SET IN A MAT FOUNDATION OR CONCRETE SLAB OTHER THAN PAVEMENT,20131016,MONUMENTED,PATRIC,244.290
20260103,http://www.ngs.noaa.gov/cgi-bin/ds_mark.prl?PidBox=DK3224,DK3224,0176,41.9303777778,-88.1238583333,IL,DU PAGE,DD = SURVEY DISK,32 = SET IN A RETAINING WALL OR CONCRETE LEDGE,20221114,GOOD,PATRIC,229.621
20260103,http://www.ngs.noaa.gov/cgi-bin/ds_mark.prl?PidBox=DK3225,DK3225,0177,41.9302777778,-88.1402777778,IL,DU PAGE,DD = SURVEY DISK,31 = SET IN A PAVEMENT SUCH AS STREET SIDEWALK CURB ETC.,20221114,GOOD,PATRIC,235.969
20260103,http://www.ngs.noaa.gov/cgi-bin/ds_mark.prl?PidBox=DK3226,DK3226,0178,41.9310833333,-88.1154277778,IL,DU PAGE,DD = SURVEY DISK,35 = SET IN A MAT FOUNDATION OR CONCRETE SLAB OTHER THAN PAVEMENT,20221114,GOOD,PATRIC,234.607
20260103,http://www.ngs.noaa.gov/cgi-bin/ds_mark.prl?PidBox=DK3229,DK3229,0179,41.8702777778,-88.2436111111,IL,DU PAGE,DD = SURVEY DISK,32 = SET IN A RETAINING WALL OR CONCRETE LEDGE,20060825,MONUMENTED,PATRIC,225.365
20260103,http://www.ngs.noaa.gov/cgi-bin/ds_mark.prl?PidBox=DP9657,DP9657,018,41.2264722222,-89.2017777778,IL,PUTNAM,F = FLANGE-ENCASED ROD,59 = STAINLESS STEEL ROD IN SLEEVE (10 FT.+),20150501,MONUMENTED,BCA,216.944
20260103,http://www.ngs.noaa.gov/cgi-bin/ds_mark.prl?PidBox=DK3230,DK3230,0180,41.8711972222,-88.2560388889,IL,DU PAGE,DD = SURVEY DISK,35 = SET IN A MAT FOUNDATION OR CONCRETE SLAB OTHER THAN PAVEMENT,20170320,GOOD,AMESC,229.564
20260103,http://www.ngs.noaa.gov/cgi-bin/ds_mark.prl?PidBox=DK3231,DK3231,0181,41.8686111111,-88.2794444444,IL,KANE,DD = SURVEY DISK,31 = SET IN A PAVEMENT SUCH AS STREET SIDEWALK CURB ETC.,20171030,GOOD,PATRIC,241.629
20260103,http://www.ngs.noaa.gov/cgi-bin/ds_mark.prl?PidBox=DK3232,DK3232,0182,41.8536111111,-88.2788888889,IL,KANE,DD = SURVEY DISK,31 = SET IN A PAVEMENT SUCH AS STREET SIDEWALK CURB ETC.,20171030,GOOD,PATRIC,231.843
20260103,http://www.ngs.noaa.gov/cgi-bin/ds_mark.prl?PidBox=DK3233,DK3233,0183,41.8405555556,-88.2800000000,IL,KANE,DD = SURVEY DISK,31 = SET IN A PAVEMENT SUCH AS STREET SIDEWALK CURB ETC.,20171030,GOOD,PATRIC,236.410
20260103,http://www.ngs.noaa.gov/cgi-bin/ds_mark.prl?PidBox=DK3234,DK3234,0184,41.8086111111,-88.3191666667,IL,KANE,DD = SURVEY DISK,31 = SET IN A PAVEMENT SUCH AS STREET SIDEWALK CURB ETC.,20171030,GOOD,PATRIC,211.554
20260103,http://www.ngs.noaa.gov/cgi-bin/ds_mark.prl?PidBox=DK3235,DK3235,0185,41.7980555556,-88.3247222222,IL,KANE,DD = SURVEY DISK,31 = SET IN A PAVEMENT SUCH AS STREET SIDEWALK CURB ETC.,20060824,MONUMENTED,PATRIC,209.643
20260103,http://www.ngs.noaa.gov/cgi-bin/ds_mark.prl?PidBox=DK3236,DK3236,0186,41.7588888889,-88.2430555556,IL,DU PAGE,DD = SURVEY DISK,31 = SET IN A PAVEMENT SUCH AS STREET SIDEWALK CURB ETC.,20221205,GOOD,PATRIC,216.646
20260103,http://www.ngs.noaa.gov/cgi-bin/ds_mark.prl?PidBox=DK3237,DK3237,0187,41.7344444444,-88.2525000000,IL,DU PAGE,DD = SURVEY DISK,31 = SET IN A PAVEMENT SUCH AS STREET SIDEWALK CURB ETC.,20250221,GOOD,ASMINC,217.241
20260103,http://www.ngs.noaa.gov/cgi-bin/ds_mark.prl?PidBox=DK3238,DK3238,0188,41.7319444444,-88.2302777778,IL,DU PAGE,DD = SURVEY DISK,31 = SET IN A PAVEMENT SUCH AS STREET SIDEWALK CURB ETC.,20060823,MONUMENTED,PATRIC,217.063
20260103,http://www.ngs.noaa.gov/cgi-bin/ds_mark.prl?PidBox=DK3239,DK3239,0189,41.7322222222,-88.2055555556,IL,DU PAGE,DD = SURVEY DISK,31 = SET IN A PAVEMENT SUCH AS STREET SIDEWALK CURB ETC.,20060822,MONUMENTED,PATRIC,214.223
20260103,http://www.ngs.noaa.gov/cgi-bin/ds_mark.prl?PidBox=DP9658,DP9658,019,41.2122500000,-89.2015555556,IL,PUTNAM,F = FLANGE-ENCASED ROD,59 = STAINLESS STEEL ROD IN SLEEVE (10 FT.+),20150501,MONUMENTED,BCA,225.875
20260103,http://www.ngs.noaa.gov/cgi-bin/ds_mark.prl?PidBox=ME2803,ME2803,019 COC,41.9425960167,-87.6332887639,IL,COOK,DD = SURVEY DISK,7 = SET IN TOP OF CONCRETE MONUMENT,1977,MONUMENTED,IL1670,180.2
20260103,http://www.ngs.noaa.gov/cgi-bin/ds_mark.prl?PidBox=DK3308,DK3308,0190,41.7786111111,-88.1780555556,IL,DU PAGE,DD = SURVEY DISK,31 = SET IN A PAVEMENT SUCH AS STREET SIDEWALK CURB ETC.,20060824,MONUMENTED,PATRIC,215.246
20260103,http://www.ngs.noaa.gov/cgi-bin/ds_mark.prl?PidBox=DK3314,DK3314,0191,41.7847777778,-88.1828888889,IL,DU PAGE,DD = SURVEY DISK,31 = SET IN A PAVEMENT SUCH AS STREET SIDEWALK CURB ETC.,20130114,GOOD,GEOCAC,213.562
20260103,http://www.ngs.noaa.gov/cgi-bin/ds_mark.prl?PidBox=DK3240,DK3240,0192,41.8573611111,-88.1870555556,IL,DU PAGE,DD = SURVEY DISK,32 = SET IN A RETAINING WALL OR CONCRETE LEDGE,20130118,GOOD,GEOCAC,220.576
20260103,http://www.ngs.noaa.gov/cgi-bin/ds_mark.prl?PidBox=DK3241,DK3241,0193,41.8415833333,-88.1710555556,IL,DU PAGE,DD = SURVEY DISK,32 = SET IN A RETAINING WALL OR CONCRETE LEDGE,20130116,GOOD,GEOCAC,219.232
20260103,http://www.ngs.noaa.gov/cgi-bin/ds_mark.prl?PidBox=DR8796,DR8796,0193 RESET,41.8415833333,-88.1710555556,IL,DU PAGE,DD = SURVEY DISK,34 = SET IN THE FOOTINGS OF SMALL/MEDIUM STRUCTURES,20221121,MONUMENTED,PATRIC,218.605
20260103,http://www.ngs.noaa.gov/cgi-bin/ds_mark.prl?PidBox=DK3242,DK3242,0198,41.9236611111,-88.0871138889,IL,DU PAGE,DD = SURVEY DISK,35 = SET IN A MAT FOUNDATION OR CONCRETE SLAB OTHER THAN PAVEMENT,20131016,GOOD,PATRIC,243.838
20260103,http://www.ngs.noaa.gov/cgi-bin/ds_mark.prl?PidBox=DK3243,DK3243,0199,41.9220944444,-88.0676972222,IL,DU PAGE,DD = SURVEY DISK,35 = SET IN A MAT FOUNDATION OR CONCRETE SLAB OTHER THAN PAVEMENT,20131016,GOOD,PATRIC,227.746
20260103,http://www.ngs.noaa.gov/cgi-bin/ds_mark.prl?PidBox=DP9659,DP9659,020,41.1975805556,-89.2013361111,IL,PUTNAM,F = FLANGE-ENCASED ROD,59 = STAINLESS STEEL ROD IN SLEEVE (10 FT.+),20200511,GOOD,ILDT,219.311
20260103,http://www.ngs.noaa.gov/cgi-bin/ds_mark.prl?PidBox=ME2660,ME2660,020 COC,41.8918564417,-87.5987041972,IL,COOK,DS = TRIANGULATION STATION DISK,35 = SET IN A MAT FOUNDATION OR CONCRETE SLAB OTHER THAN PAVEMENT,1983,GOOD,IL1670,178.4
20260103,http://www.ngs.noaa.gov/cgi-bin/ds_mark.prl?PidBox=DP0970,DP0970,0200 RESET,41.9301388889,-88.0636666667,IL,DU PAGE,DD = SURVEY DISK,32 = SET IN A RETAINING WALL OR CONCRETE LEDGE,20131016,MONUMENTED,PATRIC,223.711
20260103,http://www.ngs.noaa.gov/cgi-bin/ds_mark.prl?PidBox=DK3245,DK3245,0201,41.9408333333,-88.0633333333,IL,DU PAGE,DD = SURVEY DISK,32 = SET IN A RETAINING WALL OR CONCRETE LEDGE,20060829,MONUMENTED,PATRIC,216.254
20260103,http://www.ngs.noaa.gov/cgi-bin/ds_mark.prl?PidBox=DK3246,DK3246,0202,41.9566111111,-88.0615472222,IL,DU PAGE,DD = SURVEY DISK,35 = SET IN A MAT FOUNDATION OR CONCRETE SLAB OTHER THAN PAVEMENT,20131016,GOOD,PATRIC,218.160
20260103,http://www.ngs.noaa.gov/cgi-bin/ds_mark.prl?PidBox=DK3253,DK3253,0203,41.8423888889,-88.1983888889,IL,DU PAGE,DD = SURVEY DISK,34 = SET IN THE FOOTINGS OF SMALL/MEDIUM STRUCTURES,20221121,GOOD,PATRIC,214.452
20260103,http://www.ngs.noaa.gov/cgi-bin/ds_mark.prl?PidBox=DK3254,DK3254,0204,41.9363888889,-88.2119444444,IL,DU PAGE,DD = SURVEY DISK,31 = SET IN A PAVEMENT SUCH AS STREET SIDEWALK CURB ETC.,20090224,GOOD,ILDT,244.078
20260103,http://www.ngs.noaa.gov/cgi-bin/ds_mark.prl?PidBox=DO7751,DO7751,0205 RESET,41.9675555556,-88.0770277778,IL,DU PAGE,DD = SURVEY DISK,32 = SET IN A RETAINING WALL OR CONCRETE LEDGE,20130118,MONUMENTED,IL-043,221.07
20260103,http://www.ngs.noaa.gov/cgi-bin/ds_mark.prl?PidBox=DK3256,DK3256,0206,41.8363944444,-88.1015305556,IL,DU PAGE,DD = SURVEY DISK,31 = SET IN A PAVEMENT SUCH AS STREET SIDEWALK CURB ETC.,20080925,GOOD,NGS,229.905
20260103,http://www.ngs.noaa.gov/cgi-bin/ds_mark.prl?PidBox=DK3257,DK3257,0207,41.8232583333,-88.0992083333,IL,DU PAGE,DD = SURVEY DISK,36 = SET IN A MASSIVE STRUCTURE,20150904,GOOD,INDIV,220.801
20260103,http://www.ngs.noaa.gov/cgi-bin/ds_mark.prl?PidBox=DK3259,DK3259,0208,41.9422166667,-88.0625805556,IL,DU PAGE,DD = SURVEY DISK,32 = SET IN A RETAINING WALL OR CONCRETE LEDGE,20131016,GOOD,PATRIC,217.762
20260103,http://www.ngs.noaa.gov/cgi-bin/ds_mark.prl?PidBox=DK3260,DK3260,0209,41.9575000000,-88.0705555556,IL,DU PAGE,DD = SURVEY DISK,31 = SET IN A PAVEMENT SUCH AS STREET SIDEWALK CURB ETC.,20060829,MONUMENTED,PATRIC,219.773
20260103,http://www.ngs.noaa.gov/cgi-bin/ds_mark.prl?PidBox=DP9660,DP9660,021,41.1918888889,-89.2112500000,IL,PUTNAM,F = FLANGE-ENCASED ROD,59 = STAINLESS STEEL ROD IN SLEEVE (10 FT.+),20150506,MONUMENTED,BCA,211.604
20260103,http://www.ngs.noaa.gov/cgi-bin/ds_mark.prl?PidBox=ME2682,ME2682,021 COC,41.8663263778,-87.6085346194,IL,COOK,DD = SURVEY DISK,35 = SET IN A MAT FOUNDATION OR CONCRETE SLAB OTHER THAN PAVEMENT,1983,GOOD,IL1670,183.3
20260103,http://www.ngs.noaa.gov/cgi-bin/ds_mark.prl?PidBox=DK3261,DK3261,0210,41.9886111111,-88.1475000000,IL,DU PAGE,DD = SURVEY DISK,32 = SET IN A RETAINING WALL OR CONCRETE LEDGE,20060829,MONUMENTED,PATRIC,245.419
20260103,http://www.ngs.noaa.gov/cgi-bin/ds_mark.prl?PidBox=DK3148,DK3148,0211,41.7316666667,-88.0383333333,IL,DU PAGE,DD = SURVEY DISK,35 = SET IN A MAT FOUNDATION OR CONCRETE SLAB OTHER THAN PAVEMENT,20160408,GOOD,INDIV,229.184
20260103,http://www.ngs.noaa.gov/cgi-bin/ds_mark.prl?PidBox=DK3149,DK3149,0212,41.7236111111,-88.0336111111,IL,DU PAGE,DD = SURVEY DISK,31 = SET IN A PAVEMENT SUCH AS STREET SIDEWALK CURB ETC.,20060829,MONUMENTED,PATRIC,222.811
20260103,http://www.ngs.noaa.gov/cgi-bin/ds_mark.prl?PidBox=DK3150,DK3150,0213,41.7283333333,-88.0261111111,IL,DU PAGE,DD = SURVEY DISK,35 = SET IN A MAT FOUNDATION OR CONCRETE SLAB OTHER THAN PAVEMENT,20160408,GOOD,INDIV,230.554
20260103,http://www.ngs.noaa.gov/cgi-bin/ds_mark.prl?PidBox=DK3151,DK3151,0214,41.7575000000,-88.0269444444,IL,DU PAGE,DD = SURVEY DISK,31 = SET IN A PAVEMENT SUCH AS STREET SIDEWALK CURB ETC.,20060829,MONUMENTED,PATRIC,236.078
20260103,http://www.ngs.noaa.gov/cgi-bin/ds_mark.prl?PidBox=DK3152,DK3152,0215,41.7650000000,-88.0177777778,IL,DU PAGE,DD = SURVEY DISK,31 = SET IN A PAVEMENT SUCH AS STREET SIDEWALK CURB ETC.,20060822,MONUMENTED,PATRIC,228.584
20260103,http://www.ngs.noaa.gov/cgi-bin/ds_mark.prl?PidBox=DK3164,DK3164,0216,41.9567006000,-88.0588163028,IL,DU PAGE,DD = SURVEY DISK,59 = STAINLESS STEEL ROD IN SLEEVE (10 FT.+),20100512,GOOD,GEOSPC,223.851
20260103,http://www.ngs.noaa.gov/cgi-bin/ds_mark.prl?PidBox=DH6196,DH6196,0219,41.4142888361,-88.4804996778,IL,GRUNDY,F = FLANGE-ENCASED ROD,59 = STAINLESS STEEL ROD IN SLEEVE (10 FT.+),20200615,GOOD,ILDT,177.2
20260103,http://www.ngs.noaa.gov/cgi-bin/ds_mark.prl?PidBox=ME2837,ME2837,022,41.9021742556,-87.6871954056,IL,COOK,DD = SURVEY DISK,7 = SET IN TOP OF CONCRETE MONUMENT,20131207,GOOD,GEOCAC,181.8
20260103,http://www.ngs.noaa.gov/cgi-bin/ds_mark.prl?PidBox=DP9661,DP9661,022,41.1841333333,-89.2214138889,IL,PUTNAM,F = FLANGE-ENCASED ROD,59 = STAINLESS STEEL ROD IN SLEEVE (10 FT.+),20240129,GOOD,ILDT,210.413
20260103,http://www.ngs.noaa.gov/cgi-bin/ds_mark.prl?PidBox=ME3042,ME3042,023,41.9058536528,-87.7534867722,IL,COOK,DD = SURVEY DISK,7 = SET IN TOP OF CONCRETE MONUMENT,1977,MONUMENTED,IL1670,186.
20260103,http://www.ngs.noaa.gov/cgi-bin/ds_mark.prl?PidBox=DP9662,DP9662,023,41.1674444444,-89.2063611111,IL,PUTNAM,F = FLANGE-ENCASED ROD,59 = STAINLESS STEEL ROD IN SLEEVE (10 FT.+),20150506,MONUMENTED,BCA,202.773
20260103,http://www.ngs.noaa.gov/cgi-bin/ds_mark.prl?PidBox=DP9663,DP9663,024,41.1532500000,-89.2063055556,IL,PUTNAM,F = FLANGE-ENCASED ROD,59 = STAINLESS STEEL ROD IN SLEEVE (10 FT.+),20150506,MONUMENTED,BCA,204.086
20260103,http://www.ngs.noaa.gov/cgi-bin/ds_mark.prl?PidBox=ME2869,ME2869,024 COC,41.9634962361,-87.6315077750,IL,COOK,DD = SURVEY DISK,7 = SET IN TOP OF CONCRETE MONUMENT,1977,MONUMENTED,IL1670,180.2
20260103,http://www.ngs.noaa.gov/cgi-bin/ds_mark.prl?PidBox=DP9664,DP9664,025,41.1394722222,-89.2063888889,IL,PUTNAM,F = FLANGE-ENCASED ROD,59 = STAINLESS STEEL ROD IN SLEEVE (10 FT.+),20150506,MONUMENTED,BCA,199.391
20260103,http://www.ngs.noaa.gov/cgi-bin/ds_mark.prl?PidBox=DP9665,DP9665,026,41.1268500000,-89.2050388889,IL,PUTNAM,F = FLANGE-ENCASED ROD,59 = STAINLESS STEEL ROD IN SLEEVE (10 FT.+),20230425,GOOD,ILDT,201.752
20260103,http://www.ngs.noaa.gov/cgi-bin/ds_mark.prl?PidBox=ME2758,ME2758,026 COC,41.8627907944,-87.7194878750,IL,COOK,DD = SURVEY DISK,7 = SET IN TOP OF CONCRETE MONUMENT,20111202,GOOD,GEOCAC,182.7
20260103,http://www.ngs.noaa.gov/cgi-bin/ds_mark.prl?PidBox=DP9666,DP9666,027,41.1121361111,-89.2014555556,IL,PUTNAM,F = FLANGE-ENCASED ROD,59 = STAINLESS STEEL ROD IN SLEEVE (10 FT.+),20230119,GOOD,ILDT,197.407
20260103,http://www.ngs.noaa.gov/cgi-bin/ds_mark.prl?PidBox=ME2754,ME2754,027 COC,41.8629859389,-87.7019789917,IL,COOK,DD = SURVEY DISK,7 = SET IN TOP OF CONCRETE MONUMENT,20111202,GOOD,GEOCAC,181.4
20260103,http://www.ngs.noaa.gov/cgi-bin/ds_mark.prl?PidBox=DP9667,DP9667,028,41.1001388889,-89.2011388889,IL,MARSHALL,F = FLANGE-ENCASED ROD,59 = STAINLESS STEEL ROD IN SLEEVE (10 FT.+),20150506,MONUMENTED,BCA,196.165
20260103,http://www.ngs.noaa.gov/cgi-bin/ds_mark.prl?PidBox=DQ1782,DQ1782,028 4021,38.0818833333,-89.0546000000,IL,FRANKLIN,DE = TRAVERSE STATION DISK,7 = SET IN TOP OF CONCRETE MONUMENT,20151112,GOOD,AMESC,143.355
20260103,http://www.ngs.noaa.gov/cgi-bin/ds_mark.prl?PidBox=ME2783,ME2783,028 COC,41.8595260833,-87.7013523778,IL,COOK,DD = SURVEY DISK,7 = SET IN TOP OF CONCRETE MONUMENT,20111202,GOOD,GEOCAC,180.5
20260103,http://www.ngs.noaa.gov/cgi-bin/ds_mark.prl?PidBox=DP9668,DP9668,029,41.0840000000,-89.2064722222,IL,MARSHALL,F = FLANGE-ENCASED ROD,59 = STAINLESS STEEL ROD IN SLEEVE (10 FT.+),20150506,MONUMENTED,BCA,197.483
20260103,http://www.ngs.noaa.gov/cgi-bin/ds_mark.prl?PidBox=ME2776,ME2776,029 COC,41.8749684028,-87.6735701694,IL,COOK,DD = SURVEY DISK,7 = SET IN TOP OF CONCRETE MONUMENT,19980303,GOOD,PATRIC,181.0
20260103,http://www.ngs.noaa.gov/cgi-bin/ds_mark.prl?PidBox=DP9669,DP9669,030,41.0634722222,-89.2164444444,IL,MARSHALL,F = FLANGE-ENCASED ROD,59 = STAINLESS STEEL ROD IN SLEEVE (10 FT.+),20150506,MONUMENTED,BCA,202.194
20260103,http://www.ngs.noaa.gov/cgi-bin/ds_mark.prl?PidBox=ME2777,ME2777,030 COC,41.8737311944,-87.6762675778,IL,COOK,DD = SURVEY DISK,7 = SET IN TOP OF CONCRETE MONUMENT,19980303,MARK NOT FOUND,PATRIC,180.8
20260103,http://www.ngs.noaa.gov/cgi-bin/ds_mark.prl?PidBox=DP9670,DP9670,031,41.0505277778,-89.2233333333,IL,MARSHALL,F = FLANGE-ENCASED ROD,59 = STAINLESS STEEL ROD IN SLEEVE (10 FT.+),20150506,MONUMENTED,BCA,214.333
20260103,http://www.ngs.noaa.gov/cgi-bin/ds_mark.prl?PidBox=DP9671,DP9671,032,41.0358388889,-89.2283972222,IL,MARSHALL,F = FLANGE-ENCASED ROD,59 = STAINLESS STEEL ROD IN SLEEVE (10 FT.+),20240213,GOOD,ILDT,221.965
20260103,http://www.ngs.noaa.gov/cgi-bin/ds_mark.prl?PidBox=ME2761,ME2761,032 COC,41.8326400778,-87.7243679611,IL,COOK,DD = SURVEY DISK,7 = SET IN TOP OF CONCRETE MONUMENT,20021231,GOOD,PATRIC,181.
20260103,http://www.ngs.noaa.gov/cgi-bin/ds_mark.prl?PidBox=DP9672,DP9672,033,41.3147500000,-89.1996666667,IL,BUREAU,DD = SURVEY DISK,36 = SET IN A MASSIVE STRUCTURE,20150514,MONUMENTED,PATRIC,144.502
20260103,http://www.ngs.noaa.gov/cgi-bin/ds_mark.prl?PidBox=ME2730,ME2730,033 COC,41.8437563944,-87.6539510917,IL,COOK,DD = SURVEY DISK,7 = SET IN TOP OF CONCRETE MONUMENT,1977,MONUMENTED,IL1670,181.
20260103,http://www.ngs.noaa.gov/cgi-bin/ds_mark.prl?PidBox=ME2735,ME2735,034 COC,41.8424434278,-87.6567788611,IL,COOK,DD = SURVEY DISK,7 = SET IN TOP OF CONCRETE MONUMENT,1977,MONUMENTED,IL1670,181.
20260103,http://www.ngs.noaa.gov/cgi-bin/ds_mark.prl?PidBox=ME2684,ME2684,035,41.8386123694,-87.6136534333,IL,COOK,DD = SURVEY DISK,7 = SET IN TOP OF CONCRETE MONUMENT,1983,GOOD,IL1670,182.9
20260103,http://www.ngs.noaa.gov/cgi-bin/ds_mark.prl?PidBox=ME2723,ME2723,036 COC,41.8384459278,-87.6268692694,IL,COOK,DD = SURVEY DISK,7 = SET IN TOP OF CONCRETE MONUMENT,1983,GOOD,IL1670,180.6
20260103,http://www.ngs.noaa.gov/cgi-bin/ds_mark.prl?PidBox=ME2696,ME2696,037 COC,41.7877823806,-87.5867752444,IL,COOK,DD = SURVEY DISK,7 = SET IN TOP OF CONCRETE MONUMENT,1977,MONUMENTED,IL1670,179.
20260103,http://www.ngs.noaa.gov/cgi-bin/ds_mark.prl?PidBox=AF9260,AF9260,039 9527,37.7291751361,-89.2537646556,IL,JACKSON,DD = SURVEY DISK,7 = SET IN TOP OF CONCRETE MONUMENT,20130404,GOOD,PATRIC,126.525
20260103,http://www.ngs.noaa.gov/cgi-bin/ds_mark.prl?PidBox=ME2772,ME2772,039 COC,41.7776822389,-87.6581010111,IL,COOK,DD = SURVEY DISK,7 = SET IN TOP OF CONCRETE MONUMENT,1977,MONUMENTED,IL1670,181.3
20260103,http://www.ngs.noaa.gov/cgi-bin/ds_mark.prl?PidBox=ME2737,ME2737,040 COC,41.7722230750,-87.6581450556,IL,COOK,DD = SURVEY DISK,7 = SET IN TOP OF CONCRETE MONUMENT,1977,MONUMENTED,IL1670,181.1
20260103,http://www.ngs.noaa.gov/cgi-bin/ds_mark.prl?PidBox=ME2962,ME2962,041,41.7454288222,-87.6354931222,IL,COOK,DD = SURVEY DISK,7 = SET IN TOP OF CONCRETE MONUMENT,1977,MONUMENTED,IL1670,181.
20260103,http://www.ngs.noaa.gov/cgi-bin/ds_mark.prl?PidBox=DN1847,DN1847,0415,40.4416579583,-89.2946029444,IL,TAZEWELL,F = FLANGE-ENCASED ROD,55 = UNSPECIFIED PIPE/ROD IN SLEEVE (10 FT.+),20200819,GOOD,ILDT,196.391
20260103,http://www.ngs.noaa.gov/cgi-bin/ds_mark.prl?PidBox=ME2973,ME2973,042,41.7345975944,-87.6826241750,IL,COOK,DD = SURVEY DISK,7 = SET IN TOP OF CONCRETE MONUMENT,1977,MONUMENTED,IL1670,203.
20260103,http://www.ngs.noaa.gov/cgi-bin/ds_mark.prl?PidBox=DH6203,DH6203,0423,41.3237329417,-88.5066060861,IL,GRUNDY,I = METAL ROD,59 = STAINLESS STEEL ROD IN SLEEVE (10 FT.+),20200615,GOOD,ILDT,180.8
20260103,http://www.ngs.noaa.gov/cgi-bin/ds_mark.prl?PidBox=ME2980,ME2980,043,41.7421213556,-87.7277463472,IL,COOK,DD = SURVEY DISK,7 = SET IN TOP OF CONCRETE MONUMENT,20080818,GOOD,GEOCAC,189.
20260103,http://www.ngs.noaa.gov/cgi-bin/ds_mark.prl?PidBox=DM6900,DM6900,0439,38.8369665528,-87.6696903167,IL,LAWRENCE,DD = SURVEY DISK,7 = SET IN TOP OF CONCRETE MONUMENT,20250602,GOOD,ILDW,133.5
20260103,http://www.ngs.noaa.gov/cgi-bin/ds_mark.prl?PidBox=ME2721,ME2721,044,41.8090793444,-87.6262412889,IL,COOK,DD = SURVEY DISK,7 = SET IN TOP OF CONCRETE MONUMENT,1977,MONUMENTED,IL1670,181.7
20260103,http://www.ngs.noaa.gov/cgi-bin/ds_mark.prl?PidBox=AF9261,AF9261,044 9515,37.4394118583,-88.8925971417,IL,JOHNSON,A = ALUMINUM MARKER,7 = SET IN TOP OF CONCRETE MONUMENT,20230511,GOOD,ILDT,153.9
20260103,http://www.ngs.noaa.gov/cgi-bin/ds_mark.prl?PidBox=ME2769,ME2769,045 COC,41.8139648722,-87.6263528389,IL,COOK,DD = SURVEY DISK,7 = SET IN TOP OF CONCRETE MONUMENT,1977,MONUMENTED,IL1670,181.6
20260103,http://www.ngs.noaa.gov/cgi-bin/ds_mark.prl?PidBox=ME2750,ME2750,047 COC,41.8189345861,-87.6960956528,IL,COOK,DD = SURVEY DISK,7 = SET IN TOP OF CONCRETE MONUMENT,1977,MONUMENTED,IL1670,181.
20260103,http://www.ngs.noaa.gov/cgi-bin/ds_mark.prl?PidBox=ME3145,ME3145,049 COC,41.7795717778,-87.7563546278,IL,COOK,DD = SURVEY DISK,7 = SET IN TOP OF CONCRETE MONUMENT,1977,MONUMENTED,IL1670,188.3
20260103,http://www.ngs.noaa.gov/cgi-bin/ds_mark.prl?PidBox=NG0129,NG0129,05 NO 3301,42.0789722222,-87.7221111111,IL,COOK,DB = BENCH MARK DISK,7 = SET IN TOP OF CONCRETE MONUMENT,20250714,GOOD,USPSQD,193.161
20260103,http://www.ngs.noaa.gov/cgi-bin/ds_mark.prl?PidBox=ME2780,ME2780,050 COC,41.7938902944,-87.6823410972,IL,COOK,DD = SURVEY DISK,7 = SET IN TOP OF CONCRETE MONUMENT,1977,MONUMENTED,IL1670,182.
20260103,http://www.ngs.noaa.gov/cgi-bin/ds_mark.prl?PidBox=ME2886,ME2886,051 COC,41.6580547528,-87.5581755417,IL,COOK,DD = SURVEY DISK,7 = SET IN TOP OF CONCRETE MONUMENT,1977,MONUMENTED,IL1670,178.
20260103,http://www.ngs.noaa.gov/cgi-bin/ds_mark.prl?PidBox=ME2905,ME2905,052 COC,41.6519414167,-87.5505558500,IL,COOK,DD = SURVEY DISK,7 = SET IN TOP OF CONCRETE MONUMENT,1977,MONUMENTED,IL1670,178.
20260103,http://www.ngs.noaa.gov/cgi-bin/ds_mark.prl?PidBox=ME2671,ME2671,053 COC,41.7736904389,-87.5664145944,IL,COOK,DD = SURVEY DISK,7 = SET IN TOP OF CONCRETE MONUMENT,1977,MONUMENTED,IL1670,178.6
20260103,http://www.ngs.noaa.gov/cgi-bin/ds_mark.prl?PidBox=ME2912,ME2912,056 COC,41.7180205972,-87.6230305722,IL,COOK,DD = SURVEY DISK,7 = SET IN TOP OF CONCRETE MONUMENT,20130815,GOOD,PATRIC,181.553
20260103,http://www.ngs.noaa.gov/cgi-bin/ds_mark.prl?PidBox=ME2680,ME2680,057 COC,41.7732136806,-87.6070826444,IL,COOK,DD = SURVEY DISK,7 = SET IN TOP OF CONCRETE MONUMENT,1977,MONUMENTED,IL1670,180.
20260103,http://www.ngs.noaa.gov/cgi-bin/ds_mark.prl?PidBox=ME2691,ME2691,059 COC,41.7519036333,-87.5489509667,IL,COOK,DD = SURVEY DISK,7 = SET IN TOP OF CONCRETE MONUMENT,1977,MONUMENTED,IL1670,179.
20260103,http://www.ngs.noaa.gov/cgi-bin/ds_mark.prl?PidBox=ME2910,ME2910,060 COC,41.7367536361,-87.5922381167,IL,COOK,DD = SURVEY DISK,7 = SET IN TOP OF CONCRETE MONUMENT,1977,MONUMENTED,IL1670,178.
20260103,http://www.ngs.noaa.gov/cgi-bin/ds_mark.prl?PidBox=ME2891,ME2891,061 COC,41.7074573694,-87.5861756333,IL,COOK,DD = SURVEY DISK,7 = SET IN TOP OF CONCRETE MONUMENT,1977,MONUMENTED,IL1670,186.
20260103,http://www.ngs.noaa.gov/cgi-bin/ds_mark.prl?PidBox=ME2896,ME2896,062 COC,41.6787754639,-87.6011857972,IL,COOK,DD = SURVEY DISK,7 = SET IN TOP OF CONCRETE MONUMENT,1977,MONUMENTED,IL1670,178.
20260103,http://www.ngs.noaa.gov/cgi-bin/ds_mark.prl?PidBox=ME2903,ME2903,063 COC,41.7271409361,-87.6238084778,IL,COOK,DD = SURVEY DISK,7 = SET IN TOP OF CONCRETE MONUMENT,1977,MONUMENTED,IL1670,183.2
20260103,http://www.ngs.noaa.gov/cgi-bin/ds_mark.prl?PidBox=AF9262,AF9262,0638,40.7919157389,-89.3488916556,IL,WOODFORD,I = METAL ROD,59 = STAINLESS STEEL ROD IN SLEEVE (10 FT.+),20020121,POOR,INDIV,244.2
20260103,http://www.ngs.noaa.gov/cgi-bin/ds_mark.prl?PidBox=DO4404,DO4404,064 1010,37.2398888889,-88.8947777778,IL,MASSAC,DD = SURVEY DISK,7 = SET IN TOP OF CONCRETE MONUMENT,20190410,GOOD,MCA,120.777
20260103,http://www.ngs.noaa.gov/cgi-bin/ds_mark.prl?PidBox=ME2688,ME2688,064 COC,41.7619704556,-87.6246999750,IL,COOK,DD = SURVEY DISK,7 = SET IN TOP OF CONCRETE MONUMENT,1977,MONUMENTED,IL1670,179.
20260103,http://www.ngs.noaa.gov/cgi-bin/ds_mark.prl?PidBox=ME2975,ME2975,065,41.6973034028,-87.6827963222,IL,COOK,DD = SURVEY DISK,7 = SET IN TOP OF CONCRETE MONUMENT,1977,MONUMENTED,IL1670,197.
20260103,http://www.ngs.noaa.gov/cgi-bin/ds_mark.prl?PidBox=DN1849,DN1849,0721,40.5300258389,-89.3578264306,IL,TAZEWELL,F = FLANGE-ENCASED ROD,59 = STAINLESS STEEL ROD IN SLEEVE (10 FT.+),20200825,GOOD,ILDT,195.7
20260103,http://www.ngs.noaa.gov/cgi-bin/ds_mark.prl?PidBox=DM4614,DM4614,077 1002,37.1636874500,-89.1057640306,IL,PULASKI,DD = SURVEY DISK,7 = SET IN TOP OF CONCRETE MONUMENT,20120504,GOOD,AMESC,105.839
20260103,http://www.ngs.noaa.gov/cgi-bin/ds_mark.prl?PidBox=DM4615,DM4615,077 1006,37.2137165778,-89.1161523417,IL,PULASKI,DD = SURVEY DISK,7 = SET IN TOP OF CONCRETE MONUMENT,20100710,MONUMENTED,ILDT,142.2
20260103,http://www.ngs.noaa.gov/cgi-bin/ds_mark.prl?PidBox=DO4461,DO4461,0790029,37.3757138889,-88.6795111111,IL,POPE,DD = SURVEY DISK,7 = SET IN TOP OF CONCRETE MONUMENT,20170109,GOOD,ILDT,115.483
20260103,http://www.ngs.noaa.gov/cgi-bin/ds_mark.prl?PidBox=DI2143,DI2143,083 0401,37.8677777778,-88.6813888889,IL,SALINE,DD = SURVEY DISK,7 = SET IN TOP OF CONCRETE MONUMENT,20110627,GOOD,ILDT,122.58
20260103,http://www.ngs.noaa.gov/cgi-bin/ds_mark.prl?PidBox=DP8508,DP8508,084 3400,39.7629777778,-89.9407305556,IL,SANGAMON,DD = SURVEY DISK,38 = SET IN THE ABUTMENT OR PIER OF A LARGE BRIDGE,20140924,GOOD,AMESC,187.463
20260103,http://www.ngs.noaa.gov/cgi-bin/ds_mark.prl?PidBox=DP8506,DP8506,084 3402,39.7843166667,-89.7753194444,IL,SANGAMON,DD = SURVEY DISK,37 = SET IN A MASSIVE RETAINING WALL,20140924,GOOD,AMESC,176.175
20260103,http://www.ngs.noaa.gov/cgi-bin/ds_mark.prl?PidBox=DP3537,DP3537,09 77 17,41.1922305556,-91.0566472222,IL,MERCER,F = FLANGE-ENCASED ROD,59 = STAINLESS STEEL ROD IN SLEEVE (10 FT.+),20130418,GOOD,ILGEO,167.586
20260103,http://www.ngs.noaa.gov/cgi-bin/ds_mark.prl?PidBox=DP3538,DP3538,09 77 18,40.8808388889,-91.0245166667,IL,HENDERSON,F = FLANGE-ENCASED ROD,15 = METAL ROD DRIVEN INTO GROUND. SEE TEXT FOR ADDITIONAL INFORMATION.,20180712,GOOD,ILDT,163.594
20260103,http://www.ngs.noaa.gov/cgi-bin/ds_mark.prl?PidBox=DP3535,DP3535,097713,41.8983527778,-90.1540388889,IL,WHITESIDE,F = FLANGE-ENCASED ROD,15 = METAL ROD DRIVEN INTO GROUND. SEE TEXT FOR ADDITIONAL INFORMATION.,20180208,GOOD,ILDT,179.952
20260103,http://www.ngs.noaa.gov/cgi-bin/ds_mark.prl?PidBox=DP3536,DP3536,097716,41.4246472222,-91.0101777778,IL,ROCK ISLAND,F = FLANGE-ENCASED ROD,15 = METAL ROD DRIVEN INTO GROUND. SEE TEXT FOR ADDITIONAL INFORMATION.,20180201,GOOD,ILDT,168.213
20260103,http://www.ngs.noaa.gov/cgi-bin/ds_mark.prl?PidBox=DG5960,DG5960,0N10E,39.8758270694,-90.3953538500,IL,CASS,DD = SURVEY DISK,7 = SET IN TOP OF CONCRETE MONUMENT,20190910,GOOD,ILDT,146.3
20260103,http://www.ngs.noaa.gov/cgi-bin/ds_mark.prl?PidBox=DG5963,DG5963,0N16E,39.8739285056,-90.2764410194,IL,CASS,DD = SURVEY DISK,7 = SET IN TOP OF CONCRETE MONUMENT,20190910,GOOD,ILDT,180.3
20260103,http://www.ngs.noaa.gov/cgi-bin/ds_mark.prl?PidBox=DO7972,DO7972,0N19E RESET,39.8740578861,-90.2163493556,IL,CASS,DD = SURVEY DISK,7 = SET IN TOP OF CONCRETE MONUMENT,20190911,GOOD,ILDT,181.7
20260103,http://www.ngs.noaa.gov/cgi-bin/ds_mark.prl?PidBox=DG5957,DG5957,0N6E,39.8760704361,-90.4688465417,IL,CASS,DD = SURVEY DISK,7 = SET IN TOP OF CONCRETE MONUMENT,20190906,GOOD,ILDT,141.0
20260103,http://www.ngs.noaa.gov/cgi-bin/ds_mark.prl?PidBox=HB0862,HB0862,1,37.0025000000,-89.1722222222,IL,ALEXANDER,Z = SEE DESCRIPTION,36 = SET IN A MASSIVE STRUCTURE,1976,MARK NOT FOUND,NGS,95.933
20260103,http://www.ngs.noaa.gov/cgi-bin/ds_mark.prl?PidBox=KB0457,KB0457,1,39.4222222222,-88.6688888889,IL,SHELBY,P = PIPE CAP,17 = SET INTO TOP OF METAL PIPE DRIVEN INTO GROUND,20041118,MARK NOT FOUND,ILDT,211.258
20260103,http://www.ngs.noaa.gov/cgi-bin/ds_mark.prl?PidBox=JC0068,JC0068,1,38.9672222222,-90.4688888889,IL,CALHOUN,B = BOLT,65 = SET IN UNSPECIFIED ROCK OR BOULDER,1880,GOOD,DOD,128.19
20260103,http://www.ngs.noaa.gov/cgi-bin/ds_mark.prl?PidBox=NG0203,NG0203,1,42.3605555556,-87.8244444444,IL,LAKE,X = CHISELED CROSS,36 = SET IN A MASSIVE STRUCTURE,1973,GOOD,NGS,179.392
20260103,http://www.ngs.noaa.gov/cgi-bin/ds_mark.prl?PidBox=DN1970,DN1970,1,40.7123576083,-89.9862495139,IL,FULTON,DD = SURVEY DISK,7 = SET IN TOP OF CONCRETE MONUMENT,20240104,GOOD,ILDT,221.6
20260103,http://www.ngs.noaa.gov/cgi-bin/ds_mark.prl?PidBox=DP7818,DP7818,1,42.1229333333,-89.2557861111,IL,OGLE,DD = SURVEY DISK,34 = SET IN THE FOOTINGS OF SMALL/MEDIUM STRUCTURES,20150420,GOOD,PATRIC,212.622
20260103,http://www.ngs.noaa.gov/cgi-bin/ds_mark.prl?PidBox=JC0577,JC0577,1 BOLT,38.9688888889,-90.5391666667,IL,JERSEY,B = BOLT,31 = SET IN A PAVEMENT SUCH AS STREET SIDEWALK CURB ETC.,20010331,GOOD,NGS,136.286
20260103,http://www.ngs.noaa.gov/cgi-bin/ds_mark.prl?PidBox=JC0574,JC0574,1 CAP,38.9690166667,-90.5398666667,IL,JERSEY,P = PIPE CAP,17 = SET INTO TOP OF METAL PIPE DRIVEN INTO GROUND,20060325,GOOD,GEOCAC,137.520
20260103,http://www.ngs.noaa.gov/cgi-bin/ds_mark.prl?PidBox=DM6903,DM6903,1 L,39.0560176139,-87.8481455972,IL,CRAWFORD,DD = SURVEY DISK,31 = SET IN A PAVEMENT SUCH AS STREET SIDEWALK CURB ETC.,20200415,GOOD,ILDT,156.6
20260103,http://www.ngs.noaa.gov/cgi-bin/ds_mark.prl?PidBox=JC1159,JC1159,1 LOCK 27,38.7019444444,-90.1797222222,IL,MADISON,DD = SURVEY DISK,7 = SET IN TOP OF CONCRETE MONUMENT,1981,GOOD,NGS,133.606
20260103,http://www.ngs.noaa.gov/cgi-bin/ds_mark.prl?PidBox=JC1160,JC1160,1 LOCK 27 RM,38.7025000000,-90.1802777778,IL,MADISON,DD = SURVEY DISK,40 = SET IN A LARGE STRUCTURE WITH DEEP FOUNDATIONS,20191217,GOOD,ILDW,131.531
20260103,http://www.ngs.noaa.gov/cgi-bin/ds_mark.prl?PidBox=MF0800,MF0800,1.6 A,41.2844444444,-89.3708333333,IL,BUREAU,DD = SURVEY DISK,36 = SET IN A MASSIVE STRUCTURE,1960,GOOD,CGS,143.510
20260103,http://www.ngs.noaa.gov/cgi-bin/ds_mark.prl?PidBox=MF0799,MF0799,1.6 B,41.2844444444,-89.3708333333,IL,BUREAU,DD = SURVEY DISK,36 = SET IN A MASSIVE STRUCTURE,1960,GOOD,CGS,143.638
20260103,http://www.ngs.noaa.gov/cgi-bin/ds_mark.prl?PidBox=MF0413,MF0413,10,41.3162777778,-88.6534444444,IL,LASALLE,X = CHISELED CROSS,32 = SET IN A RETAINING WALL OR CONCRETE LEDGE,20091013,GOOD,GEOCAC,152.206
20260103,http://www.ngs.noaa.gov/cgi-bin/ds_mark.prl?PidBox=DN1971,DN1971,10,40.6476063639,-90.0594195111,IL,FULTON,DD = SURVEY DISK,7 = SET IN TOP OF CONCRETE MONUMENT,20210809,GOOD,ILDT,235.6
20260103,http://www.ngs.noaa.gov/cgi-bin/ds_mark.prl?PidBox=MF0252,MF0252,10 7,41.1033333333,-88.2836111111,IL,LIVINGSTON,DD = SURVEY DISK,9 = POST (STONE OR PRECAST CONCRETE),20091014,MARK NOT FOUND,GEOCAC,185.716
20260103,http://www.ngs.noaa.gov/cgi-bin/ds_mark.prl?PidBox=DO4373,DO4373,10 FWK,37.3842500000,-88.6773333333,IL,POPE,DB = BENCH MARK DISK,36 = SET IN A MASSIVE STRUCTURE,20220920,MARK NOT FOUND,ILDT,139.051
20260103,http://www.ngs.noaa.gov/cgi-bin/ds_mark.prl?PidBox=ME1489,ME1489,10 S,41.1183333333,-87.9088888889,IL,KANKAKEE,DB = BENCH MARK DISK,7 = SET IN TOP OF CONCRETE MONUMENT,20080531,MARK NOT FOUND,GEOCAC,191.643
20260103,http://www.ngs.noaa.gov/cgi-bin/ds_mark.prl?PidBox=DN2024,DN2024,100,40.2759107194,-90.4002343500,IL,FULTON,DD = SURVEY DISK,7 = SET IN TOP OF CONCRETE MONUMENT,200905,MONUMENTED,ILDT,192.0
20260103,http://www.ngs.noaa.gov/cgi-bin/ds_mark.prl?PidBox=DQ1347,DQ1347,100 0310,37.7959166667,-88.9338611111,IL,WILLIAMSON,DD = SURVEY DISK,7 = SET IN TOP OF CONCRETE MONUMENT,20151012,GOOD,DJHENK,126.911
20260103,http://www.ngs.noaa.gov/cgi-bin/ds_mark.prl?PidBox=DN1854,DN1854,1028,40.6312845694,-89.4645885444,IL,TAZEWELL,F = FLANGE-ENCASED ROD,59 = STAINLESS STEEL ROD IN SLEEVE (10 FT.+),20200826,GOOD,ILDT,217.8
20260103,http://www.ngs.noaa.gov/cgi-bin/ds_mark.prl?PidBox=DK3266,DK3266,1034,41.9894444444,-88.1100000000,IL,DU PAGE,DO = NOT SPECIFIED OR SEE DESCRIPTION,36 = SET IN A MASSIVE STRUCTURE,20060315,GOOD,PATRIC,242.598
20260103,http://www.ngs.noaa.gov/cgi-bin/ds_mark.prl?PidBox=DK3267,DK3267,1041,42.0025000000,-88.1261111111,IL,COOK,DO = NOT SPECIFIED OR SEE DESCRIPTION,9 = POST (STONE OR PRECAST CONCRETE),20090224,GOOD,ILDT,246.048
20260103,http://www.ngs.noaa.gov/cgi-bin/ds_mark.prl?PidBox=DP2528,DP2528,107,41.7372222222,-87.5487500000,IL,COOK,Z = SEE DESCRIPTION,4 = OBJECT SURROUNDED BY MASS OF CONCRETE,20140320,GOOD,PATRIC,179.025
20260103,http://www.ngs.noaa.gov/cgi-bin/ds_mark.prl?PidBox=DG5996,DG5996,10N16E,40.0193761194,-90.2730126667,IL,CASS,DD = SURVEY DISK,7 = SET IN TOP OF CONCRETE MONUMENT,20200707,GOOD,ILDT,152.9
20260103,http://www.ngs.noaa.gov/cgi-bin/ds_mark.prl?PidBox=JC0075,JC0075,11,38.8283333333,-90.1025000000,IL,MADISON,B = BOLT,7 = SET IN TOP OF CONCRETE MONUMENT,1880,GOOD,DOD,126.09
20260103,http://www.ngs.noaa.gov/cgi-bin/ds_mark.prl?PidBox=DN1969,DN1969,11,40.6837612667,-90.0347093639,IL,FULTON,DD = SURVEY DISK,7 = SET IN TOP OF CONCRETE MONUMENT,200905,MONUMENTED,ILDT,229.3
20260103,http://www.ngs.noaa.gov/cgi-bin/ds_mark.prl?PidBox=KC0158,KC0158,11 BOLT,39.3755555556,-90.5494444444,IL,GREENE,B = BOLT,31 = SET IN A PAVEMENT SUCH AS STREET SIDEWALK CURB ETC.,1935,GOOD,CGS,144.241
20260103,http://www.ngs.noaa.gov/cgi-bin/ds_mark.prl?PidBox=KC0157,KC0157,11 CAP,39.3763888889,-90.5500000000,IL,GREENE,C = CAP OF CAP-AND-BOLT PAIR,17 = SET INTO TOP OF METAL PIPE DRIVEN INTO GROUND,1961,GOOD,CGS,145.464
20260103,http://www.ngs.noaa.gov/cgi-bin/ds_mark.prl?PidBox=DN1863,DN1863,1113,40.3928848972,-89.4562970167,IL,TAZEWELL,F = FLANGE-ENCASED ROD,59 = STAINLESS STEEL ROD IN SLEEVE (10 FT.+),20200820,GOOD,ILDT,204.313
20260103,http://www.ngs.noaa.gov/cgi-bin/ds_mark.prl?PidBox=DK3264,DK3264,113257,41.8402777778,-88.2547222222,IL,DU PAGE,B = BOLT,36 = SET IN A MASSIVE STRUCTURE,20071111,GOOD,PATRIC,228.289
20260103,http://www.ngs.noaa.gov/cgi-bin/ds_mark.prl?PidBox=DK3161,DK3161,113508,41.8405555556,-88.2558333333,IL,DU PAGE,DD = SURVEY DISK,31 = SET IN A PAVEMENT SUCH AS STREET SIDEWALK CURB ETC.,20071111,GOOD,PATRIC,227.625
20260103,http://www.ngs.noaa.gov/cgi-bin/ds_mark.prl?PidBox=DK3157,DK3157,113528,41.8561111111,-88.2427777778,IL,DU PAGE,DD = SURVEY DISK,7 = SET IN TOP OF CONCRETE MONUMENT,20071111,GOOD,PATRIC,225.194
20260103,http://www.ngs.noaa.gov/cgi-bin/ds_mark.prl?PidBox=DK3163,DK3163,113543,41.8369444444,-88.2613888889,IL,DU PAGE,DD = SURVEY DISK,31 = SET IN A PAVEMENT SUCH AS STREET SIDEWALK CURB ETC.,20071111,GOOD,PATRIC,227.628
20260103,http://www.ngs.noaa.gov/cgi-bin/ds_mark.prl?PidBox=DK3160,DK3160,113544,41.8419444444,-88.2569444444,IL,DU PAGE,DD = SURVEY DISK,7 = SET IN TOP OF CONCRETE MONUMENT,20071111,GOOD,PATRIC,228.596
20260103,http://www.ngs.noaa.gov/cgi-bin/ds_mark.prl?PidBox=DK3159,DK3159,113545,41.8469444444,-88.2525000000,IL,DU PAGE,DD = SURVEY DISK,7 = SET IN TOP OF CONCRETE MONUMENT,20071111,GOOD,PATRIC,227.592
20260103,http://www.ngs.noaa.gov/cgi-bin/ds_mark.prl?PidBox=DK3262,DK3262,113547,41.8525000000,-88.2458333333,IL,DU PAGE,DD = SURVEY DISK,7 = SET IN TOP OF CONCRETE MONUMENT,20071111,GOOD,PATRIC,226.778
20260103,http://www.ngs.noaa.gov/cgi-bin/ds_mark.prl?PidBox=DK3155,DK3155,113548,41.8561111111,-88.2397222222,IL,DU PAGE,DD = SURVEY DISK,7 = SET IN TOP OF CONCRETE MONUMENT,20071111,GOOD,PATRIC,227.341
20260103,http://www.ngs.noaa.gov/cgi-bin/ds_mark.prl?PidBox=KB1326,KB1326,115 CR 4,39.6977767417,-88.9732968917,IL,MACON,DD = SURVEY DISK,9 = POST (STONE OR PRECAST CONCRETE),1970,MONUMENTED,ILDT,215.2
20260103,http://www.ngs.noaa.gov/cgi-bin/ds_mark.prl?PidBox=DO9275,DO9275,119,41.7263111111,-87.5656305556,IL,COOK,I = METAL ROD,4 = OBJECT SURROUNDED BY MASS OF CONCRETE,20130815,GOOD,PATRIC,181.963
20260103,http://www.ngs.noaa.gov/cgi-bin/ds_mark.prl?PidBox=LD0259,LD0259,119.6 L,40.2936111111,-90.0677777778,IL,MASON,DD = SURVEY DISK,36 = SET IN A MASSIVE STRUCTURE,20120813,GOOD,ILDT,143.942
20260103,http://www.ngs.noaa.gov/cgi-bin/ds_mark.prl?PidBox=DN1978,DN1978,12,40.6258086583,-89.9889923806,IL,FULTON,DD = SURVEY DISK,7 = SET IN TOP OF CONCRETE MONUMENT,200905,MONUMENTED,ILDT,213.0
20260103,http://www.ngs.noaa.gov/cgi-bin/ds_mark.prl?PidBox=LC0652,LC0652,12 1,40.7468083333,-88.5128111111,IL,LIVINGSTON,DD = SURVEY DISK,9 = POST (STONE OR PRECAST CONCRETE),20060126,GOOD,INDIV,209.339
20260103,http://www.ngs.noaa.gov/cgi-bin/ds_mark.prl?PidBox=KC0165,KC0165,12 BOLT,39.4133333333,-90.5600000000,IL,GREENE,B = BOLT,31 = SET IN A PAVEMENT SUCH AS STREET SIDEWALK CURB ETC.,1961,GOOD,CGS,131.732
20260103,http://www.ngs.noaa.gov/cgi-bin/ds_mark.prl?PidBox=KC0164,KC0164,12 CAP,39.4133333333,-90.5600000000,IL,GREENE,C = CAP OF CAP-AND-BOLT PAIR,17 = SET INTO TOP OF METAL PIPE DRIVEN INTO GROUND,1935,GOOD,CGS,132.950
20260103,http://www.ngs.noaa.gov/cgi-bin/ds_mark.prl?PidBox=KA1319,KA1319,12 RE,39.0794444444,-87.6261111111,IL,CRAWFORD,DD = SURVEY DISK,7 = SET IN TOP OF CONCRETE MONUMENT,1956,GOOD,CGS,136.738
20260103,http://www.ngs.noaa.gov/cgi-bin/ds_mark.prl?PidBox=DN1868,DN1868,1218,40.4874566556,-89.4713202083,IL,TAZEWELL,F = FLANGE-ENCASED ROD,59 = STAINLESS STEEL ROD IN SLEEVE (10 FT.+),20200824,GOOD,ILDT,196.9
20260103,http://www.ngs.noaa.gov/cgi-bin/ds_mark.prl?PidBox=HB0069,HB0069,1256 BOLT,37.6719444444,-88.1544444444,IL,GALLATIN,B = BOLT,35 = SET IN A MAT FOUNDATION OR CONCRETE SLAB OTHER THAN PAVEMENT,1949,POOR,CGS,103.935
20260103,http://www.ngs.noaa.gov/cgi-bin/ds_mark.prl?PidBox=ME3353,ME3353,127,41.7156111111,-87.5508611111,IL,COOK,B = BOLT,4 = OBJECT SURROUNDED BY MASS OF CONCRETE,20130828,GOOD,PATRIC,179.588
20260103,http://www.ngs.noaa.gov/cgi-bin/ds_mark.prl?PidBox=DI6654,DI6654,128 RESET,42.3263587139,-88.9798134722,IL,WINNEBAGO,F = FLANGE-ENCASED ROD,59 = STAINLESS STEEL ROD IN SLEEVE (10 FT.+),20201106,GOOD,ILDT,273.19
20260103,http://www.ngs.noaa.gov/cgi-bin/ds_mark.prl?PidBox=DO4346,DO4346,1282,37.4446666667,-88.3058611111,IL,HARDIN,DD = SURVEY DISK,66 = SET IN ROCK OUTCROP,20120601,GOOD,PATRIC,108.454
20260103,http://www.ngs.noaa.gov/cgi-bin/ds_mark.prl?PidBox=DI6656,DI6656,129,42.4719367917,-89.0396701833,IL,WINNEBAGO,F = FLANGE-ENCASED ROD,59 = STAINLESS STEEL ROD IN SLEEVE (10 FT.+),2007,MONUMENTED,IL-201,235.15
20260103,http://www.ngs.noaa.gov/cgi-bin/ds_mark.prl?PidBox=DI6655,DI6655,129 A,42.4763263694,-89.0395225972,IL,WINNEBAGO,F = FLANGE-ENCASED ROD,59 = STAINLESS STEEL ROD IN SLEEVE (10 FT.+),2007,MONUMENTED,IL-201,235.95
20260103,http://www.ngs.noaa.gov/cgi-bin/ds_mark.prl?PidBox=KC0171,KC0171,13,39.4516666667,-90.5483333333,IL,GREENE,C = CAP OF CAP-AND-BOLT PAIR,17 = SET INTO TOP OF METAL PIPE DRIVEN INTO GROUND,1961,GOOD,CGS,132.436
20260103,http://www.ngs.noaa.gov/cgi-bin/ds_mark.prl?PidBox=DN1974,DN1974,13,40.6257543500,-90.0460574528,IL,FULTON,DD = SURVEY DISK,7 = SET IN TOP OF CONCRETE MONUMENT,200905,MONUMENTED,ILDT,226.5
20260103,http://www.ngs.noaa.gov/cgi-bin/ds_mark.prl?PidBox=KA1323,KA1323,13 RE,39.0405555556,-87.6125000000,IL,CRAWFORD,DD = SURVEY DISK,7 = SET IN TOP OF CONCRETE MONUMENT,1956,GOOD,CGS,137.895
20260103,http://www.ngs.noaa.gov/cgi-bin/ds_mark.prl?PidBox=ME1799,ME1799,130,41.8308333333,-87.7044444444,IL,COOK,B = BOLT,38 = SET IN THE ABUTMENT OR PIER OF A LARGE BRIDGE,1947,POOR,CGS,182.803
20260103,http://www.ngs.noaa.gov/cgi-bin/ds_mark.prl?PidBox=DI6658,DI6658,130,42.3710313944,-89.0063937389,IL,WINNEBAGO,F = FLANGE-ENCASED ROD,59 = STAINLESS STEEL ROD IN SLEEVE (10 FT.+),2007,MONUMENTED,IL-201,257.53
20260103,http://www.ngs.noaa.gov/cgi-bin/ds_mark.prl?PidBox=DI6657,DI6657,130 A,42.3743032389,-89.0028424722,IL,WINNEBAGO,F = FLANGE-ENCASED ROD,59 = STAINLESS STEEL ROD IN SLEEVE (10 FT.+),2007,MONUMENTED,IL-201,258.53
20260103,http://www.ngs.noaa.gov/cgi-bin/ds_mark.prl?PidBox=LD0467,LD0467,14,40.7994444444,-91.0886111111,IL,HENDERSON,B = BOLT,36 = SET IN A MASSIVE STRUCTURE,20010331,MARK NOT FOUND,NGS,165.196
20260103,http://www.ngs.noaa.gov/cgi-bin/ds_mark.prl?PidBox=DN1976,DN1976,14,40.6259355639,-90.1020757972,IL,FULTON,DD = SURVEY DISK,7 = SET IN TOP OF CONCRETE MONUMENT,200905,MONUMENTED,ILDT,229.4
20260103,http://www.ngs.noaa.gov/cgi-bin/ds_mark.prl?PidBox=AB2598,AB2598,14 15 22 23,41.9440126500,-88.1843237000,IL,DU PAGE,DD = SURVEY DISK,17 = SET INTO TOP OF METAL PIPE DRIVEN INTO GROUND,20090224,GOOD,ILDT,226.195
20260103,http://www.ngs.noaa.gov/cgi-bin/ds_mark.prl?PidBox=LB1821,LB1821,14 M,40.0344444444,-87.9600000000,IL,CHAMPAIGN,DD = SURVEY DISK,7 = SET IN TOP OF CONCRETE MONUMENT,20110118,MARK NOT FOUND,ILDT,205.069
20260103,http://www.ngs.noaa.gov/cgi-bin/ds_mark.prl?PidBox=KA1296,KA1296,14 RE,39.2152777778,-87.6097222222,IL,CLARK,DB = BENCH MARK DISK,7 = SET IN TOP OF CONCRETE MONUMENT,20050210,MARK NOT FOUND,ILDT,136.713
20260103,http://www.ngs.noaa.gov/cgi-bin/ds_mark.prl?PidBox=LC1197,LC1197,14 S,40.1427777778,-89.5908333333,IL,LOGAN,DD = SURVEY DISK,7 = SET IN TOP OF CONCRETE MONUMENT,20200421,MARK NOT FOUND,ILDT,159.530
20260103,http://www.ngs.noaa.gov/cgi-bin/ds_mark.prl?PidBox=LC0720,LC0720,14 WA,40.6413888889,-88.7833333333,IL,MCLEAN,DD = SURVEY DISK,31 = SET IN A PAVEMENT SUCH AS STREET SIDEWALK CURB ETC.,1961,GOOD,CGS,229.564
20260103,http://www.ngs.noaa.gov/cgi-bin/ds_mark.prl?PidBox=DO7959,DO7959,14 WMC,39.8686610472,-91.2329823028,IL,ADAMS,DD = SURVEY DISK,15 = METAL ROD DRIVEN INTO GROUND. SEE TEXT FOR ADDITIONAL INFORMATION.,20110901,GOOD,ILDT,213.5
20260103,http://www.ngs.noaa.gov/cgi-bin/ds_mark.prl?PidBox=ME1823,ME1823,140,41.6480555556,-87.5458333333,IL,COOK,B = BOLT,7 = SET IN TOP OF CONCRETE MONUMENT,1971,GOOD,NGS,178.894
20260103,http://www.ngs.noaa.gov/cgi-bin/ds_mark.prl?PidBox=JB0348,JB0348,142,38.3463888889,-88.5877777778,IL,WAYNE,DD = SURVEY DISK,9 = POST (STONE OR PRECAST CONCRETE),1961,GOOD,CGS,134.242
20260103,http://www.ngs.noaa.gov/cgi-bin/ds_mark.prl?PidBox=DN1989,DN1989,15,40.6330991583,-90.1418201278,IL,FULTON,DD = SURVEY DISK,7 = SET IN TOP OF CONCRETE MONUMENT,200905,MONUMENTED,ILDT,228.0
20260103,http://www.ngs.noaa.gov/cgi-bin/ds_mark.prl?PidBox=KC0222,KC0222,15 BOLT,39.5347222222,-90.5194444444,IL,SCOTT,B = BOLT,31 = SET IN A PAVEMENT SUCH AS STREET SIDEWALK CURB ETC.,1961,GOOD,CGS,143.595
20260103,http://www.ngs.noaa.gov/cgi-bin/ds_mark.prl?PidBox=KC0221,KC0221,15 CAP,39.5347222222,-90.5194444444,IL,SCOTT,C = CAP OF CAP-AND-BOLT PAIR,17 = SET INTO TOP OF METAL PIPE DRIVEN INTO GROUND,1961,GOOD,CGS,144.821
20260103,http://www.ngs.noaa.gov/cgi-bin/ds_mark.prl?PidBox=KA1300,KA1300,15 RE,39.1866666667,-87.6380555556,IL,CLARK,DD = SURVEY DISK,7 = SET IN TOP OF CONCRETE MONUMENT,20050210,MARK NOT FOUND,ILDT,139.113
20260103,http://www.ngs.noaa.gov/cgi-bin/ds_mark.prl?PidBox=DO7960,DO7960,15 WRM,39.7494667028,-91.1053668139,IL,PIKE,DD = SURVEY DISK,15 = METAL ROD DRIVEN INTO GROUND. SEE TEXT FOR ADDITIONAL INFORMATION.,20190925,GOOD,ILDT,217.5
20260103,http://www.ngs.noaa.gov/cgi-bin/ds_mark.prl?PidBox=ME1830,ME1830,150,41.6633333333,-87.6197222222,IL,COOK,B = BOLT,7 = SET IN TOP OF CONCRETE MONUMENT,1977,GOOD,NGS,182.901
20260103,http://www.ngs.noaa.gov/cgi-bin/ds_mark.prl?PidBox=DQ1780,DQ1780,1514,38.3074861111,-89.0872916667,IL,JEFFERSON,DD = SURVEY DISK,38 = SET IN THE ABUTMENT OR PIER OF A LARGE BRIDGE,20151008,GOOD,AMESC,137.890
20260103,http://www.ngs.noaa.gov/cgi-bin/ds_mark.prl?PidBox=DN1876,DN1876,1534,40.7176583583,-89.5272597778,IL,TAZEWELL,F = FLANGE-ENCASED ROD,59 = STAINLESS STEEL ROD IN SLEEVE (10 FT.+),20200722,GOOD,ILDT,153.9
20260103,http://www.ngs.noaa.gov/cgi-bin/ds_mark.prl?PidBox=KC0230,KC0230,16,39.5797222222,-90.5269444444,IL,SCOTT,C = CAP OF CAP-AND-BOLT PAIR,17 = SET INTO TOP OF METAL PIPE DRIVEN INTO GROUND,1961,GOOD,CGS,135.601
20260103,http://www.ngs.noaa.gov/cgi-bin/ds_mark.prl?PidBox=JB1112,JB1112,16,38.2626805556,-89.4968166667,IL,WASHINGTON,P = PIPE CAP,17 = SET INTO TOP OF METAL PIPE DRIVEN INTO GROUND,20110811,MARK NOT FOUND,ILDT,159.165
20260103,http://www.ngs.noaa.gov/cgi-bin/ds_mark.prl?PidBox=DN1990,DN1990,16,40.6260763556,-90.1593539250,IL,FULTON,DD = SURVEY DISK,7 = SET IN TOP OF CONCRETE MONUMENT,200905,MONUMENTED,ILDT,224.8
20260103,http://www.ngs.noaa.gov/cgi-bin/ds_mark.prl?PidBox=LC0036,LC0036,16 15,40.7527972222,-88.2921694444,IL,LIVINGSTON,DD = SURVEY DISK,9 = POST (STONE OR PRECAST CONCRETE),20250415,GOOD,ILDT,224.023
20260103,http://www.ngs.noaa.gov/cgi-bin/ds_mark.prl?PidBox=JB1923,JB1923,16 JHR,38.1752665861,-89.7382836500,IL,RANDOLPH,DD = SURVEY DISK,7 = SET IN TOP OF CONCRETE MONUMENT,1969,GOOD,CGS,157.3
20260103,http://www.ngs.noaa.gov/cgi-bin/ds_mark.prl?PidBox=HB0063,HB0063,163 BOLT,37.6933333333,-88.1361111111,IL,GALLATIN,B = BOLT,17 = SET INTO TOP OF METAL PIPE DRIVEN INTO GROUND,1949,GOOD,CGS,110.247
20260103,http://www.ngs.noaa.gov/cgi-bin/ds_mark.prl?PidBox=HB0062,HB0062,163 CAP,37.6933333333,-88.1361111111,IL,GALLATIN,C = CAP OF CAP-AND-BOLT PAIR,17 = SET INTO TOP OF METAL PIPE DRIVEN INTO GROUND,1949,GOOD,CGS,112.712
20260103,http://www.ngs.noaa.gov/cgi-bin/ds_mark.prl?PidBox=KC0109,KC0109,164 F,39.4541666667,-90.9736111111,IL,PIKE,DB = BENCH MARK DISK,7 = SET IN TOP OF CONCRETE MONUMENT,20120606,MARK NOT FOUND,ILDT,135.522
20260103,http://www.ngs.noaa.gov/cgi-bin/ds_mark.prl?PidBox=KC0105,KC0105,166 F,39.4369483306,-90.8769883667,IL,PIKE,DB = BENCH MARK DISK,7 = SET IN TOP OF CONCRETE MONUMENT,20230531,GOOD,ILDT,137.710
20260103,http://www.ngs.noaa.gov/cgi-bin/ds_mark.prl?PidBox=LD0466,LD0466,17,40.9341666667,-90.9536111111,IL,HENDERSON,B = BOLT,36 = SET IN A MASSIVE STRUCTURE,20120605,MARK NOT FOUND,ILDT,163.250
20260103,http://www.ngs.noaa.gov/cgi-bin/ds_mark.prl?PidBox=DN2012,DN2012,17,40.6252825750,-90.2145451444,IL,FULTON,DD = SURVEY DISK,7 = SET IN TOP OF CONCRETE MONUMENT,200905,MONUMENTED,ILDT,217.5
20260103,http://www.ngs.noaa.gov/cgi-bin/ds_mark.prl?PidBox=LC0170,LC0170,17 LES,40.1025000000,-88.1902777778,IL,CHAMPAIGN,DD = SURVEY DISK,7 = SET IN TOP OF CONCRETE MONUMENT,20051201,MARK NOT FOUND,ILDT,229.160
20260103,http://www.ngs.noaa.gov/cgi-bin/ds_mark.prl?PidBox=DF4304,DF4304,1771,40.6776830833,-89.0998634278,IL,WOODFORD,F = FLANGE-ENCASED ROD,59 = STAINLESS STEEL ROD IN SLEEVE (10 FT.+),20200902,GOOD,ILDT,221.6
20260103,http://www.ngs.noaa.gov/cgi-bin/ds_mark.prl?PidBox=DF4305,DF4305,1774,40.7349767222,-89.1573787889,IL,WOODFORD,F = FLANGE-ENCASED ROD,59 = STAINLESS STEEL ROD IN SLEEVE (10 FT.+),20200903,GOOD,ILDT,225.6
20260103,http://www.ngs.noaa.gov/cgi-bin/ds_mark.prl?PidBox=ME1656,ME1656,179,41.9240727556,-87.8060212111,IL,COOK,B = BOLT,7 = SET IN TOP OF CONCRETE MONUMENT,20000316,GOOD,SECI,196.908
20260103,http://www.ngs.noaa.gov/cgi-bin/ds_mark.prl?PidBox=LD0465,LD0465,18,40.9355555556,-90.9541666667,IL,HENDERSON,B = BOLT,36 = SET IN A MASSIVE STRUCTURE,20120605,MARK NOT FOUND,ILDT,166.841
20260103,http://www.ngs.noaa.gov/cgi-bin/ds_mark.prl?PidBox=DN2016,DN2016,18,40.5894885972,-90.2148174083,IL,FULTON,DD = SURVEY DISK,7 = SET IN TOP OF CONCRETE MONUMENT,200905,MONUMENTED,ILDT,202.7
20260103,http://www.ngs.noaa.gov/cgi-bin/ds_mark.prl?PidBox=LB1941,LB1941,18 1,40.7694444444,-87.5536111111,IL,IROQUOIS,DD = SURVEY DISK,9 = POST (STONE OR PRECAST CONCRETE),20071013,MARK NOT FOUND,GEOCAC,208.227
20260103,http://www.ngs.noaa.gov/cgi-bin/ds_mark.prl?PidBox=LB1919,LB1919,18 24,40.7408333333,-87.8608333333,IL,IROQUOIS,DD = SURVEY DISK,9 = POST (STONE OR PRECAST CONCRETE),20110120,MARK NOT FOUND,ILDT,198.817
20260103,http://www.ngs.noaa.gov/cgi-bin/ds_mark.prl?PidBox=KC0248,KC0248,18 BOLT,39.6680555556,-90.5627777778,IL,SCOTT,B = BOLT,31 = SET IN A PAVEMENT SUCH AS STREET SIDEWALK CURB ETC.,1961,GOOD,CGS,133.421
20260103,http://www.ngs.noaa.gov/cgi-bin/ds_mark.prl?PidBox=KC0247,KC0247,18 CAP,39.6677777778,-90.5627777778,IL,SCOTT,C = CAP OF CAP-AND-BOLT PAIR,17 = SET INTO TOP OF METAL PIPE DRIVEN INTO GROUND,1961,GOOD,CGS,134.630
20260103,http://www.ngs.noaa.gov/cgi-bin/ds_mark.prl?PidBox=AA3735,AA3735,19,41.7674551056,-88.1664051694,IL,DU PAGE,F = FLANGE-ENCASED ROD,15 = METAL ROD DRIVEN INTO GROUND. SEE TEXT FOR ADDITIONAL INFORMATION.,20071111,GOOD,PATRIC,215.713
20260103,http://www.ngs.noaa.gov/cgi-bin/ds_mark.prl?PidBox=DN1991,DN1991,19,40.5970220250,-90.1216681722,IL,FULTON,DD = SURVEY DISK,7 = SET IN TOP OF CONCRETE MONUMENT,200905,MONUMENTED,ILDT,213.5
20260103,http://www.ngs.noaa.gov/cgi-bin/ds_mark.prl?PidBox=LB2296,LB2296,19 21,40.7729152167,-87.7325609833,IL,IROQUOIS,DD = SURVEY DISK,9 = POST (STONE OR PRECAST CONCRETE),20070908,GOOD,GEOCAC,194.
20260103,http://www.ngs.noaa.gov/cgi-bin/ds_mark.prl?PidBox=KC0255,KC0255,19 BOLT,39.7113888889,-90.5677777778,IL,SCOTT,B = BOLT,31 = SET IN A PAVEMENT SUCH AS STREET SIDEWALK CURB ETC.,1961,GOOD,CGS,135.761
20260103,http://www.ngs.noaa.gov/cgi-bin/ds_mark.prl?PidBox=ME1849,ME1849,19 C WORTH TWP,41.6752777778,-87.7963888889,IL,COOK,B = BOLT,7 = SET IN TOP OF CONCRETE MONUMENT,20061120,MARK NOT FOUND,GEOCAC,182.575
20260103,http://www.ngs.noaa.gov/cgi-bin/ds_mark.prl?PidBox=NH0049,NH0049,19 E HANOVER TWP,42.0205555556,-88.2461111111,IL,COOK,B = BOLT,7 = SET IN TOP OF CONCRETE MONUMENT,1969,MARK NOT FOUND,CGS,236.864
20260103,http://www.ngs.noaa.gov/cgi-bin/ds_mark.prl?PidBox=MF0366,MF0366,19 W,41.0208333333,-88.9880555556,IL,LASALLE,DD = SURVEY DISK,7 = SET IN TOP OF CONCRETE MONUMENT,20020923,MARK NOT FOUND,USPSQD,206.817
20260103,http://www.ngs.noaa.gov/cgi-bin/ds_mark.prl?PidBox=MF1074,MF1074,19.0 A,41.3783333333,-89.6261111111,IL,BUREAU,DD = SURVEY DISK,36 = SET IN A MASSIVE STRUCTURE,1959,GOOD,CGS,198.154
20260103,http://www.ngs.noaa.gov/cgi-bin/ds_mark.prl?PidBox=DP3596,DP3596,1920,40.4130194444,-91.1351861111,IL,HANCOCK,DD = SURVEY DISK,40 = SET IN A LARGE STRUCTURE WITH DEEP FOUNDATIONS,20130417,GOOD,AMESC,205.927
20260103,http://www.ngs.noaa.gov/cgi-bin/ds_mark.prl?PidBox=DF4311,DF4311,1921,40.9992082806,-88.8342735444,IL,LIVINGSTON,F = FLANGE-ENCASED ROD,59 = STAINLESS STEEL ROD IN SLEEVE (10 FT.+),20250711,GOOD,ILDT,190.1
20260103,http://www.ngs.noaa.gov/cgi-bin/ds_mark.prl?PidBox=KB0961,KB0961,1935 ALTON RR,39.5769444444,-89.7466666667,IL,SANGAMON,B = BOLT,36 = SET IN A MASSIVE STRUCTURE,20130116,GOOD,INDIV,189.903
20260103,http://www.ngs.noaa.gov/cgi-bin/ds_mark.prl?PidBox=DF4314,DF4314,1937,40.7898339833,-89.1961692278,IL,WOODFORD,F = FLANGE-ENCASED ROD,59 = STAINLESS STEEL ROD IN SLEEVE (10 FT.+),20200903,GOOD,ILDT,220.8
20260103,http://www.ngs.noaa.gov/cgi-bin/ds_mark.prl?PidBox=KC0115,KC0115,2,39.0350000000,-90.5536111111,IL,JERSEY,DB = BENCH MARK DISK,66 = SET IN ROCK OUTCROP,1961,GOOD,CGS,138.384
20260103,http://www.ngs.noaa.gov/cgi-bin/ds_mark.prl?PidBox=KB0468,KB0468,2,39.3877777778,-88.9680555556,IL,SHELBY,B = BOLT,36 = SET IN A MASSIVE STRUCTURE,1935,GOOD,CGS,200.260
20260103,http://www.ngs.noaa.gov/cgi-bin/ds_mark.prl?PidBox=KB0459,KB0459,2,39.4083333333,-88.7327777778,IL,SHELBY,P = PIPE CAP,17 = SET INTO TOP OF METAL PIPE DRIVEN INTO GROUND,20041118,MARK NOT FOUND,ILDT,210.305
20260103,http://www.ngs.noaa.gov/cgi-bin/ds_mark.prl?PidBox=LC1211,LC1211,2,40.4469444444,-89.6511111111,IL,TAZEWELL,Z = SEE DESCRIPTION,36 = SET IN A MASSIVE STRUCTURE,1977,POOR,LOCSUR,149.190
20260103,http://www.ngs.noaa.gov/cgi-bin/ds_mark.prl?PidBox=DN1968,DN1968,2,40.7127892194,-90.0338565361,IL,FULTON,DD = SURVEY DISK,7 = SET IN TOP OF CONCRETE MONUMENT,200905,MONUMENTED,ILDT,228.0
20260103,http://www.ngs.noaa.gov/cgi-bin/ds_mark.prl?PidBox=HB0859,HB0859,2 B,37.0038888889,-89.1741666667,IL,ALEXANDER,DD = SURVEY DISK,17 = SET INTO TOP OF METAL PIPE DRIVEN INTO GROUND,20020830,GOOD,USACE,95.577
20260103,http://www.ngs.noaa.gov/cgi-bin/ds_mark.prl?PidBox=DG8125,DG8125,2 DLS,40.2429728722,-89.9528544306,IL,MASON,DD = SURVEY DISK,9 = POST (STONE OR PRECAST CONCRETE),20220818,GOOD,ILDT,151.5
20260103,http://www.ngs.noaa.gov/cgi-bin/ds_mark.prl?PidBox=JC1161,JC1161,2 LOCK 27 RM,38.7013888889,-90.1808333333,IL,MADISON,DD = SURVEY DISK,40 = SET IN A LARGE STRUCTURE WITH DEEP FOUNDATIONS,1981,GOOD,NGS,131.538
20260103,http://www.ngs.noaa.gov/cgi-bin/ds_mark.prl?PidBox=AJ3005,AJ3005,2 RGW,41.7952271222,-88.3794046083,IL,KANE,DB = BENCH MARK DISK,4 = OBJECT SURROUNDED BY MASS OF CONCRETE,20050408,GOOD,STAFER,214.7
20260103,http://www.ngs.noaa.gov/cgi-bin/ds_mark.prl?PidBox=DP5123,DP5123,2 TGL,39.8133888889,-89.0287250000,IL,MACON,DD = SURVEY DISK,36 = SET IN A MASSIVE STRUCTURE,20140114,GOOD,AMESC,199.984
20260103,http://www.ngs.noaa.gov/cgi-bin/ds_mark.prl?PidBox=MG0315,MG0315,20,41.1000000000,-90.9325000000,IL,MERCER,B = BOLT,66 = SET IN ROCK OUTCROP,19971022,MARK NOT FOUND,USPSQD,167.377
20260103,http://www.ngs.noaa.gov/cgi-bin/ds_mark.prl?PidBox=DN1975,DN1975,20,40.5970543389,-90.1028301778,IL,FULTON,DD = SURVEY DISK,7 = SET IN TOP OF CONCRETE MONUMENT,200905,MONUMENTED,ILDT,213.7
20260103,http://www.ngs.noaa.gov/cgi-bin/ds_mark.prl?PidBox=MF0013,MF0013,20 A,41.8868111111,-88.3056750000,IL,KANE,DB = BENCH MARK DISK,34 = SET IN THE FOOTINGS OF SMALL/MEDIUM STRUCTURES,20170109,GOOD,AMESC,218.398
20260103,http://www.ngs.noaa.gov/cgi-bin/ds_mark.prl?PidBox=MF1187,MF1187,20 S,41.7802777778,-89.7055555556,IL,WHITESIDE,DD = SURVEY DISK,36 = SET IN A MASSIVE STRUCTURE,20050321,MARK NOT FOUND,USPSQD,195.204
20260103,http://www.ngs.noaa.gov/cgi-bin/ds_mark.prl?PidBox=DN1870,DN1870,2026,40.6045803139,-89.6364935694,IL,TAZEWELL,F = FLANGE-ENCASED ROD,59 = STAINLESS STEEL ROD IN SLEEVE (10 FT.+),20200720,GOOD,ILDT,140.8
20260103,http://www.ngs.noaa.gov/cgi-bin/ds_mark.prl?PidBox=DF4317,DF4317,2027,41.1218293500,-87.7246201083,IL,KANKAKEE,F = FLANGE-ENCASED ROD,59 = STAINLESS STEEL ROD IN SLEEVE (10 FT.+),20200909,GOOD,ILDT,187.9
20260103,http://www.ngs.noaa.gov/cgi-bin/ds_mark.prl?PidBox=DK3268,DK3268,2040,42.0038888889,-88.1147222222,IL,COOK,DO = NOT SPECIFIED OR SEE DESCRIPTION,7 = SET IN TOP OF CONCRETE MONUMENT,20220329,GOOD,ASMINC,244.450
20260103,http://www.ngs.noaa.gov/cgi-bin/ds_mark.prl?PidBox=DO9276,DO9276,206,41.7226250000,-87.5496027778,IL,COOK,Z = SEE DESCRIPTION,4 = OBJECT SURROUNDED BY MASS OF CONCRETE,20140311,GOOD,PATRIC,178.279
20260103,http://www.ngs.noaa.gov/cgi-bin/ds_mark.prl?PidBox=DF4325,DF4325,2063,41.1217464083,-88.7065713444,IL,LASALLE,F = FLANGE-ENCASED ROD,59 = STAINLESS STEEL ROD IN SLEEVE (10 FT.+),20200610,GOOD,ILDT,218.2
20260103,http://www.ngs.noaa.gov/cgi-bin/ds_mark.prl?PidBox=DF4329,DF4329,2073,41.1056011528,-88.9502607333,IL,LASALLE,F = FLANGE-ENCASED ROD,59 = STAINLESS STEEL ROD IN SLEEVE (10 FT.+),20200615,GOOD,ILDT,201.6
20260103,http://www.ngs.noaa.gov/cgi-bin/ds_mark.prl?PidBox=ME1788,ME1788,208,41.7928558750,-87.7611562639,IL,COOK,B = BOLT,7 = SET IN TOP OF CONCRETE MONUMENT,20241114,GOOD,DEI,184.270
20260103,http://www.ngs.noaa.gov/cgi-bin/ds_mark.prl?PidBox=MG0314,MG0314,21,41.1791666667,-90.9627777778,IL,MERCER,B = BOLT,66 = SET IN ROCK OUTCROP,19971022,MARK NOT FOUND,USPSQD,168.99
20260103,http://www.ngs.noaa.gov/cgi-bin/ds_mark.prl?PidBox=DN1973,DN1973,21,40.6054218583,-90.0324196306,IL,FULTON,DD = SURVEY DISK,7 = SET IN TOP OF CONCRETE MONUMENT,200905,MONUMENTED,ILDT,215.2
20260103,http://www.ngs.noaa.gov/cgi-bin/ds_mark.prl?PidBox=KC0268,KC0268,21 BOLT,39.8119444444,-90.5091666667,IL,MORGAN,B = BOLT,31 = SET IN A PAVEMENT SUCH AS STREET SIDEWALK CURB ETC.,20120625,MARK NOT FOUND,ILDT,147.674
20260103,http://www.ngs.noaa.gov/cgi-bin/ds_mark.prl?PidBox=KC0267,KC0267,21 CAP,39.8119444444,-90.5091666667,IL,MORGAN,C = CAP OF CAP-AND-BOLT PAIR,17 = SET INTO TOP OF METAL PIPE DRIVEN INTO GROUND,20120625,MARK NOT FOUND,ILDT,148.881
20260103,http://www.ngs.noaa.gov/cgi-bin/ds_mark.prl?PidBox=DM3906,DM3906,21 GW RESET,42.2008333333,-87.9330555556,IL,LAKE,DB = BENCH MARK DISK,38 = SET IN THE ABUTMENT OR PIER OF A LARGE BRIDGE,20100513,GOOD,GEOSPC,199.875
20260103,http://www.ngs.noaa.gov/cgi-bin/ds_mark.prl?PidBox=NH0908,NH0908,21 MDD,42.4591666667,-89.9855555556,IL,JO DAVIESS,DB = BENCH MARK DISK,7 = SET IN TOP OF CONCRETE MONUMENT,19961221,MARK NOT FOUND,USPSQD,300.293
20260103,http://www.ngs.noaa.gov/cgi-bin/ds_mark.prl?PidBox=DP3605,DP3605,21 SAN,37.8916833333,-89.0071222222,IL,FRANKLIN,DB = BENCH MARK DISK,9 = POST (STONE OR PRECAST CONCRETE),20230622,GOOD,ILDT,121.400
20260103,http://www.ngs.noaa.gov/cgi-bin/ds_mark.prl?PidBox=ME1783,ME1783,210,41.7902777778,-87.7755555556,IL,COOK,B = BOLT,7 = SET IN TOP OF CONCRETE MONUMENT,1989,GOOD,USPSQD,186.799
20260103,http://www.ngs.noaa.gov/cgi-bin/ds_mark.prl?PidBox=DO4450,DO4450,2105,37.4304722222,-89.2113611111,IL,UNION,DD = SURVEY DISK,7 = SET IN TOP OF CONCRETE MONUMENT,20120502,GOOD,AMESC,171.258
20260103,http://www.ngs.noaa.gov/cgi-bin/ds_mark.prl?PidBox=ME1780,ME1780,211,41.7900000000,-87.7952777778,IL,COOK,B = BOLT,7 = SET IN TOP OF CONCRETE MONUMENT,1989,GOOD,USPSQD,187.115
20260103,http://www.ngs.noaa.gov/cgi-bin/ds_mark.prl?PidBox=AF9263,AF9263,2111,40.3709589806,-89.6413609444,IL,TAZEWELL,F = FLANGE-ENCASED ROD,59 = STAINLESS STEEL ROD IN SLEEVE (10 FT.+),20200818,GOOD,ILDT,159.610
20260103,http://www.ngs.noaa.gov/cgi-bin/ds_mark.prl?PidBox=KC0029,KC0029,22,39.8402777778,-90.4888888889,IL,MORGAN,B = BOLT,31 = SET IN A PAVEMENT SUCH AS STREET SIDEWALK CURB ETC.,1961,MARK NOT FOUND,CGS,146.274
20260103,http://www.ngs.noaa.gov/cgi-bin/ds_mark.prl?PidBox=NG0152,NG0152,22,42.1655555556,-87.7827777778,IL,LAKE,Z = SEE DESCRIPTION,30 = SET IN A LIGHT STRUCTURE,20030405,MARK NOT FOUND,USPSQD,205.520
20260103,http://www.ngs.noaa.gov/cgi-bin/ds_mark.prl?PidBox=DN1977,DN1977,22,40.5899986972,-89.9899741500,IL,FULTON,DD = SURVEY DISK,7 = SET IN TOP OF CONCRETE MONUMENT,200905,MONUMENTED,ILDT,188.9
20260103,http://www.ngs.noaa.gov/cgi-bin/ds_mark.prl?PidBox=NH0910,NH0910,22 MDD,42.4277777778,-89.9836111111,IL,JO DAVIESS,DB = BENCH MARK DISK,32 = SET IN A RETAINING WALL OR CONCRETE LEDGE,19961221,MARK NOT FOUND,USPSQD,281.604
20260103,http://www.ngs.noaa.gov/cgi-bin/ds_mark.prl?PidBox=LC1803,LC1803,22 RE,40.0090700917,-88.9185432583,IL,MACON,DB = BENCH MARK DISK,7 = SET IN TOP OF CONCRETE MONUMENT,20140114,GOOD,AMESC,213.509
20260103,http://www.ngs.noaa.gov/cgi-bin/ds_mark.prl?PidBox=LD0499,LD0499,220 A,40.6713888889,-91.0944444444,IL,HENDERSON,Q = CHISELED SQUARE,36 = SET IN A MASSIVE STRUCTURE,20120522,GOOD,ILDT,163.461
20260103,http://www.ngs.noaa.gov/cgi-bin/ds_mark.prl?PidBox=DF4335,DF4335,2214,41.3762299528,-88.7064958000,IL,LASALLE,F = FLANGE-ENCASED ROD,59 = STAINLESS STEEL ROD IN SLEEVE (10 FT.+),20200610,GOOD,ILDT,226.6
20260103,http://www.ngs.noaa.gov/cgi-bin/ds_mark.prl?PidBox=DN1886,DN1886,2218,40.4799687861,-89.6633578750,IL,TAZEWELL,F = FLANGE-ENCASED ROD,59 = STAINLESS STEEL ROD IN SLEEVE (10 FT.+),20230810,GOOD,ILDT,157.0
20260103,http://www.ngs.noaa.gov/cgi-bin/ds_mark.prl?PidBox=DN1887,DN1887,2223,40.5426375278,-89.6647160694,IL,TAZEWELL,F = FLANGE-ENCASED ROD,59 = STAINLESS STEEL ROD IN SLEEVE (10 FT.+),20200723,GOOD,ILDT,148.6
20260103,http://www.ngs.noaa.gov/cgi-bin/ds_mark.prl?PidBox=LD0496,LD0496,224 B,40.6363888889,-91.1661111111,IL,HANCOCK,Q = CHISELED SQUARE,36 = SET IN A MASSIVE STRUCTURE,20120522,MARK NOT FOUND,ILDT,163.689
20260103,http://www.ngs.noaa.gov/cgi-bin/ds_mark.prl?PidBox=AA3762,AA3762,227,41.7491693222,-88.0951718028,IL,DU PAGE,F = FLANGE-ENCASED ROD,15 = METAL ROD DRIVEN INTO GROUND. SEE TEXT FOR ADDITIONAL INFORMATION.,20170609,GOOD,ASMINC,225.393
20260103,http://www.ngs.noaa.gov/cgi-bin/ds_mark.prl?PidBox=LD0490,LD0490,227 A,40.6266666667,-91.2138888889,IL,HANCOCK,Q = CHISELED SQUARE,36 = SET IN A MASSIVE STRUCTURE,20120522,GOOD,ILDT,162.469
20260103,http://www.ngs.noaa.gov/cgi-bin/ds_mark.prl?PidBox=LD0487,LD0487,228 D,40.6230555556,-91.2450000000,IL,HANCOCK,Q = CHISELED SQUARE,36 = SET IN A MASSIVE STRUCTURE,20120522,MARK NOT FOUND,ILDT,164.309
20260103,http://www.ngs.noaa.gov/cgi-bin/ds_mark.prl?PidBox=MG0415,MG0415,23,41.1672222222,-91.0005555556,IL,MERCER,B = BOLT,30 = SET IN A LIGHT STRUCTURE,19980814,MARK NOT FOUND,USPSQD,173.74
20260103,http://www.ngs.noaa.gov/cgi-bin/ds_mark.prl?PidBox=DN2050,DN2050,23,40.5823398028,-90.0852812250,IL,FULTON,DD = SURVEY DISK,7 = SET IN TOP OF CONCRETE MONUMENT,200905,MONUMENTED,ILDT,212.4
20260103,http://www.ngs.noaa.gov/cgi-bin/ds_mark.prl?PidBox=KC0032,KC0032,23 BOLT,39.8933333333,-90.4688888889,IL,CASS,B = BOLT,31 = SET IN A PAVEMENT SUCH AS STREET SIDEWALK CURB ETC.,1961,GOOD,CGS,136.907
20260103,http://www.ngs.noaa.gov/cgi-bin/ds_mark.prl?PidBox=KC0033,KC0033,23 CAP,39.8933333333,-90.4688888889,IL,CASS,C = CAP OF CAP-AND-BOLT PAIR,17 = SET INTO TOP OF METAL PIPE DRIVEN INTO GROUND,1934,GOOD,CGS,138.120
20260103,http://www.ngs.noaa.gov/cgi-bin/ds_mark.prl?PidBox=NH0913,NH0913,23 MDD,42.3991666667,-89.9830555556,IL,JO DAVIESS,DB = BENCH MARK DISK,32 = SET IN A RETAINING WALL OR CONCRETE LEDGE,19961221,MARK NOT FOUND,USPSQD,291.004
20260103,http://www.ngs.noaa.gov/cgi-bin/ds_mark.prl?PidBox=DN2037,DN2037,24,40.5615212778,-90.0759312306,IL,FULTON,DD = SURVEY DISK,7 = SET IN TOP OF CONCRETE MONUMENT,200905,MONUMENTED,ILDT,198.4
20260103,http://www.ngs.noaa.gov/cgi-bin/ds_mark.prl?PidBox=MF0031,MF0031,24 A,41.6401444444,-88.4484888889,IL,KENDALL,DD = SURVEY DISK,7 = SET IN TOP OF CONCRETE MONUMENT,20250711,GOOD,ILDT,195.913
20260103,http://www.ngs.noaa.gov/cgi-bin/ds_mark.prl?PidBox=KC0039,KC0039,24 BOLT,39.9413888889,-90.4558333333,IL,CASS,B = BOLT,31 = SET IN A PAVEMENT SUCH AS STREET SIDEWALK CURB ETC.,1961,GOOD,CGS,138.030
20260103,http://www.ngs.noaa.gov/cgi-bin/ds_mark.prl?PidBox=KC0038,KC0038,24 CAP,39.9413888889,-90.4558333333,IL,CASS,C = CAP OF CAP-AND-BOLT PAIR,17 = SET INTO TOP OF METAL PIPE DRIVEN INTO GROUND,1934,GOOD,CGS,139.227
20260103,http://www.ngs.noaa.gov/cgi-bin/ds_mark.prl?PidBox=LB1880,LB1880,24 E,40.4744444444,-87.6327777778,IL,VERMILION,DD = SURVEY DISK,7 = SET IN TOP OF CONCRETE MONUMENT,20210914,MARK NOT FOUND,ILDT,217.388
20260103,http://www.ngs.noaa.gov/cgi-bin/ds_mark.prl?PidBox=NH0916,NH0916,24 MDD,42.3697222222,-89.9819444444,IL,JO DAVIESS,DB = BENCH MARK DISK,32 = SET IN A RETAINING WALL OR CONCRETE LEDGE,20080501,POOR,JCLS,289.467
20260103,http://www.ngs.noaa.gov/cgi-bin/ds_mark.prl?PidBox=DN2051,DN2051,25,40.5463560056,-89.9908531611,IL,FULTON,DD = SURVEY DISK,7 = SET IN TOP OF CONCRETE MONUMENT,200905,MONUMENTED,ILDT,190.7
20260103,http://www.ngs.noaa.gov/cgi-bin/ds_mark.prl?PidBox=AJ3009,AJ3009,25 39 8,41.8299559639,-88.2795304833,IL,KANE,F = FLANGE-ENCASED ROD,59 = STAINLESS STEEL ROD IN SLEEVE (10 FT.+),20171030,GOOD,PATRIC,231.273
20260103,http://www.ngs.noaa.gov/cgi-bin/ds_mark.prl?PidBox=KC0046,KC0046,25 BOLT,39.9938888889,-90.4363888889,IL,CASS,B = BOLT,31 = SET IN A PAVEMENT SUCH AS STREET SIDEWALK CURB ETC.,1934,GOOD,CGS,133.822
20260103,http://www.ngs.noaa.gov/cgi-bin/ds_mark.prl?PidBox=KC0045,KC0045,25 CAP,39.9938888889,-90.4363888889,IL,CASS,C = CAP OF CAP-AND-BOLT PAIR,17 = SET INTO TOP OF METAL PIPE DRIVEN INTO GROUND,1961,GOOD,CGS,135.034
20260103,http://www.ngs.noaa.gov/cgi-bin/ds_mark.prl?PidBox=DM6906,DM6906,25A,39.1157004083,-88.0396170028,IL,JASPER,DD = SURVEY DISK,7 = SET IN TOP OF CONCRETE MONUMENT,20200330,GOOD,ILDT,167.1
20260103,http://www.ngs.noaa.gov/cgi-bin/ds_mark.prl?PidBox=LD0170,LD0170,26,40.0155555556,-90.4322222222,IL,CASS,B = BOLT,31 = SET IN A PAVEMENT SUCH AS STREET SIDEWALK CURB ETC.,1961,GOOD,CGS,135.193
20260103,http://www.ngs.noaa.gov/cgi-bin/ds_mark.prl?PidBox=DN1994,DN1994,26,40.5387213278,-90.0483722333,IL,FULTON,DD = SURVEY DISK,7 = SET IN TOP OF CONCRETE MONUMENT,200905,MONUMENTED,ILDT,197.9
20260103,http://www.ngs.noaa.gov/cgi-bin/ds_mark.prl?PidBox=NH0922,NH0922,26 MDD,42.3266666667,-89.9947222222,IL,JO DAVIESS,DB = BENCH MARK DISK,35 = SET IN A MAT FOUNDATION OR CONCRETE SLAB OTHER THAN PAVEMENT,19961221,MARK NOT FOUND,USPSQD,291.125
20260103,http://www.ngs.noaa.gov/cgi-bin/ds_mark.prl?PidBox=DN1992,DN1992,27,40.5385766250,-90.1042226000,IL,FULTON,DD = SURVEY DISK,7 = SET IN TOP OF CONCRETE MONUMENT,200905,MONUMENTED,ILDT,210.2
20260103,http://www.ngs.noaa.gov/cgi-bin/ds_mark.prl?PidBox=NH0045,NH0045,27 E,42.0088888889,-88.2033333333,IL,COOK,B = BOLT,7 = SET IN TOP OF CONCRETE MONUMENT,1987,MARK NOT FOUND,USPSQD,244.007
20260103,http://www.ngs.noaa.gov/cgi-bin/ds_mark.prl?PidBox=NJ0682,NJ0682,27 MDD,42.3133333333,-90.0102777778,IL,JO DAVIESS,DB = BENCH MARK DISK,32 = SET IN A RETAINING WALL OR CONCRETE LEDGE,19961221,MARK NOT FOUND,USPSQD,245.991
20260103,http://www.ngs.noaa.gov/cgi-bin/ds_mark.prl?PidBox=NJ0681,NJ0681,27 MDD RM,42.3136111111,-90.0097222222,IL,JO DAVIESS,Q = CHISELED SQUARE,32 = SET IN A RETAINING WALL OR CONCRETE LEDGE,19961221,MARK NOT FOUND,USPSQD,245.811
20260103,http://www.ngs.noaa.gov/cgi-bin/ds_mark.prl?PidBox=NH0679,NH0679,27 WA,42.1147222222,-89.8030555556,IL,CARROLL,DD = SURVEY DISK,7 = SET IN TOP OF CONCRETE MONUMENT,20031004,MARK NOT FOUND,USPSQD,254.199
20260103,http://www.ngs.noaa.gov/cgi-bin/ds_mark.prl?PidBox=DN1988,DN1988,28,40.5604375139,-90.1608113806,IL,FULTON,DD = SURVEY DISK,7 = SET IN TOP OF CONCRETE MONUMENT,200905,MONUMENTED,ILDT,204.8
20260103,http://www.ngs.noaa.gov/cgi-bin/ds_mark.prl?PidBox=LD0180,LD0180,28 BOLT,40.0205555556,-90.3969444444,IL,CASS,B = BOLT,31 = SET IN A PAVEMENT SUCH AS STREET SIDEWALK CURB ETC.,1961,GOOD,CGS,135.615
20260103,http://www.ngs.noaa.gov/cgi-bin/ds_mark.prl?PidBox=LD0179,LD0179,28 CAP,40.0205555556,-90.3969444444,IL,CASS,C = CAP OF CAP-AND-BOLT PAIR,17 = SET INTO TOP OF METAL PIPE DRIVEN INTO GROUND,1961,GOOD,CGS,136.815
20260103,http://www.ngs.noaa.gov/cgi-bin/ds_mark.prl?PidBox=NJ0684,NJ0684,28 MDD,42.2830555556,-90.0230555556,IL,JO DAVIESS,DB = BENCH MARK DISK,32 = SET IN A RETAINING WALL OR CONCRETE LEDGE,19961221,MARK NOT FOUND,USPSQD,226.120
20260103,http://www.ngs.noaa.gov/cgi-bin/ds_mark.prl?PidBox=MF0361,MF0361,28 W,41.0388888889,-88.8722222222,IL,LIVINGSTON,DD = SURVEY DISK,36 = SET IN A MASSIVE STRUCTURE,20200422,MARK NOT FOUND,ILDT,190.555
20260103,http://www.ngs.noaa.gov/cgi-bin/ds_mark.prl?PidBox=MF0461,MF0461,28 W,41.9305555556,-88.7538888889,IL,DE KALB,DD = SURVEY DISK,35 = SET IN A MAT FOUNDATION OR CONCRETE SLAB OTHER THAN PAVEMENT,19961104,MARK NOT FOUND,USPSQD,267.698
20260103,http://www.ngs.noaa.gov/cgi-bin/ds_mark.prl?PidBox=NH0508,NH0508,28 W,42.1302777778,-89.3813888889,IL,OGLE,DB = BENCH MARK DISK,36 = SET IN A MASSIVE STRUCTURE,20191120,MARK NOT FOUND,ILDT,217.367
20260103,http://www.ngs.noaa.gov/cgi-bin/ds_mark.prl?PidBox=ME1812,ME1812,285,41.8421944444,-87.6529444444,IL,COOK,B = BOLT,7 = SET IN TOP OF CONCRETE MONUMENT,20211204,GOOD,LOCENG,180.315
20260103,http://www.ngs.noaa.gov/cgi-bin/ds_mark.prl?PidBox=LD0493,LD0493,29,40.6350000000,-91.1772222222,IL,HANCOCK,P = PIPE CAP,17 = SET INTO TOP OF METAL PIPE DRIVEN INTO GROUND,20120622,GOOD,ILDT,160.351
20260103,http://www.ngs.noaa.gov/cgi-bin/ds_mark.prl?PidBox=DN1996,DN1996,29,40.5385240500,-90.1615258944,IL,FULTON,DD = SURVEY DISK,7 = SET IN TOP OF CONCRETE MONUMENT,20161019,GOOD,ASMINC,198.8
20260103,http://www.ngs.noaa.gov/cgi-bin/ds_mark.prl?PidBox=LD0197,LD0197,29 BOLT,40.0291666667,-90.2902777778,IL,CASS,B = BOLT,31 = SET IN A PAVEMENT SUCH AS STREET SIDEWALK CURB ETC.,1961,GOOD,CGS,144.224
20260103,http://www.ngs.noaa.gov/cgi-bin/ds_mark.prl?PidBox=ME1707,ME1707,29 C LEYDEN TWP,41.9216833333,-87.9040250000,IL,COOK,B = BOLT,7 = SET IN TOP OF CONCRETE MONUMENT,20060927,GOOD,PATRIC,200.041
20260103,http://www.ngs.noaa.gov/cgi-bin/ds_mark.prl?PidBox=ME1712,ME1712,29 C PROVISO TWP,41.8334778667,-87.9004445500,IL,COOK,B = BOLT,7 = SET IN TOP OF CONCRETE MONUMENT,20170201,POOR,ASMINC,198.978
20260103,http://www.ngs.noaa.gov/cgi-bin/ds_mark.prl?PidBox=NH0037,NH0037,29 C SCHWAMBURG TWP,42.0033333333,-88.1283333333,IL,COOK,B = BOLT,7 = SET IN TOP OF CONCRETE MONUMENT,1969,GOOD,CGS,243.803
20260103,http://www.ngs.noaa.gov/cgi-bin/ds_mark.prl?PidBox=LD0196,LD0196,29 CAP,40.0291666667,-90.2902777778,IL,CASS,C = CAP OF CAP-AND-BOLT PAIR,17 = SET INTO TOP OF METAL PIPE DRIVEN INTO GROUND,1961,GOOD,CGS,145.427
20260103,http://www.ngs.noaa.gov/cgi-bin/ds_mark.prl?PidBox=ME1677,ME1677,29 E LEYDEN TWP,41.9305555556,-87.9036111111,IL,COOK,B = BOLT,7 = SET IN TOP OF CONCRETE MONUMENT,1953,MARK NOT FOUND,CGS,197.817
20260103,http://www.ngs.noaa.gov/cgi-bin/ds_mark.prl?PidBox=NJ0686,NJ0686,29 MDD,42.2530555556,-90.0380555556,IL,JO DAVIESS,DB = BENCH MARK DISK,35 = SET IN A MAT FOUNDATION OR CONCRETE SLAB OTHER THAN PAVEMENT,20110113,GOOD,ILDT,211.948
20260103,http://www.ngs.noaa.gov/cgi-bin/ds_mark.prl?PidBox=NJ0687,NJ0687,29 MDD RM,42.2533333333,-90.0380555556,IL,JO DAVIESS,Q = CHISELED SQUARE,35 = SET IN A MAT FOUNDATION OR CONCRETE SLAB OTHER THAN PAVEMENT,19961221,GOOD,USPSQD,211.957
20260103,http://www.ngs.noaa.gov/cgi-bin/ds_mark.prl?PidBox=ME1807,ME1807,294,41.8322222222,-87.6727777778,IL,COOK,B = BOLT,7 = SET IN TOP OF CONCRETE MONUMENT,20121201,MARK NOT FOUND,GEOCAC,180.451
20260103,http://www.ngs.noaa.gov/cgi-bin/ds_mark.prl?PidBox=KB0721,KB0721,3,39.3883333333,-89.0469444444,IL,CHRISTIAN,DD = SURVEY DISK,36 = SET IN A MASSIVE STRUCTURE,1961,GOOD,CGS,200.310
20260103,http://www.ngs.noaa.gov/cgi-bin/ds_mark.prl?PidBox=HB0314,HB0314,3,37.1191666667,-88.6230555556,IL,MASSAC,P = PIPE CAP,17 = SET INTO TOP OF METAL PIPE DRIVEN INTO GROUND,1978,MARK NOT FOUND,USGS,101.938
20260103,http://www.ngs.noaa.gov/cgi-bin/ds_mark.prl?PidBox=JC0183,JC0183,3,38.9702777778,-90.4450000000,IL,JERSEY,B = BOLT,36 = SET IN A MASSIVE STRUCTURE,20010331,MARK NOT FOUND,USPSQD,132.958
20260103,http://www.ngs.noaa.gov/cgi-bin/ds_mark.prl?PidBox=DN1967,DN1967,3,40.7131309056,-90.1007171361,IL,FULTON,DD = SURVEY DISK,7 = SET IN TOP OF CONCRETE MONUMENT,200905,MONUMENTED,ILDT,215.9
20260103,http://www.ngs.noaa.gov/cgi-bin/ds_mark.prl?PidBox=KC0118,KC0118,3 BOLT,39.0465555556,-90.5587777778,IL,JERSEY,B = BOLT,31 = SET IN A PAVEMENT SUCH AS STREET SIDEWALK CURB ETC.,1961,GOOD,CGS,131.801
20260103,http://www.ngs.noaa.gov/cgi-bin/ds_mark.prl?PidBox=KC0554,KC0554,3 CAP,39.0465376500,-90.5587700722,IL,JERSEY,C = CAP OF CAP-AND-BOLT PAIR,17 = SET INTO TOP OF METAL PIPE DRIVEN INTO GROUND,20190925,GOOD,ILDW,133.023
20260103,http://www.ngs.noaa.gov/cgi-bin/ds_mark.prl?PidBox=DG8134,DG8134,3 JHS,40.1786981972,-89.7451045972,IL,MASON,DD = SURVEY DISK,15 = METAL ROD DRIVEN INTO GROUND. SEE TEXT FOR ADDITIONAL INFORMATION.,20200729,GOOD,ILDT,174.9
20260103,http://www.ngs.noaa.gov/cgi-bin/ds_mark.prl?PidBox=JC1222,JC1222,3 LOCK 26,38.8865555556,-90.1821944444,IL,MADISON,DD = SURVEY DISK,7 = SET IN TOP OF CONCRETE MONUMENT,20120430,MARK NOT FOUND,ILDT,131.282
20260103,http://www.ngs.noaa.gov/cgi-bin/ds_mark.prl?PidBox=JC1158,JC1158,3 LOCK 27,38.7008333333,-90.1802777778,IL,MADISON,DD = SURVEY DISK,7 = SET IN TOP OF CONCRETE MONUMENT,1981,GOOD,NGS,133.837
20260103,http://www.ngs.noaa.gov/cgi-bin/ds_mark.prl?PidBox=JC1162,JC1162,3 LOCK 27 RM,38.7005555556,-90.1816666667,IL,MADISON,DD = SURVEY DISK,40 = SET IN A LARGE STRUCTURE WITH DEEP FOUNDATIONS,1981,GOOD,NGS,131.537
20260103,http://www.ngs.noaa.gov/cgi-bin/ds_mark.prl?PidBox=DN1997,DN1997,30,40.5385627222,-90.2152139583,IL,FULTON,DD = SURVEY DISK,7 = SET IN TOP OF CONCRETE MONUMENT,200905,MONUMENTED,ILDT,195.9
20260103,http://www.ngs.noaa.gov/cgi-bin/ds_mark.prl?PidBox=DE6916,DE6916,30 2,38.8447594917,-89.0135784417,IL,FAYETTE,DD = SURVEY DISK,9 = POST (STONE OR PRECAST CONCRETE),20060201,GOOD,ILDT,168.2
20260103,http://www.ngs.noaa.gov/cgi-bin/ds_mark.prl?PidBox=ME1680,ME1680,30 E LEYDEN TWP,41.9311111111,-87.9197222222,IL,COOK,B = BOLT,7 = SET IN TOP OF CONCRETE MONUMENT,1964,MARK NOT FOUND,IL1670,202.248
20260103,http://www.ngs.noaa.gov/cgi-bin/ds_mark.prl?PidBox=NH0039,NH0039,30 E SCHWAMBURG TWP,42.0052777778,-88.1441666667,IL,COOK,B = BOLT,7 = SET IN TOP OF CONCRETE MONUMENT,1969,GOOD,CGS,246.203
20260103,http://www.ngs.noaa.gov/cgi-bin/ds_mark.prl?PidBox=LC0158,LC0158,30 LES,40.0836416667,-88.2381138889,IL,CHAMPAIGN,DD = SURVEY DISK,7 = SET IN TOP OF CONCRETE MONUMENT,20051130,MARK NOT FOUND,ILDT,217.742
20260103,http://www.ngs.noaa.gov/cgi-bin/ds_mark.prl?PidBox=NJ0689,NJ0689,30 MDD,42.2269444444,-90.0277777778,IL,JO DAVIESS,DB = BENCH MARK DISK,32 = SET IN A RETAINING WALL OR CONCRETE LEDGE,19961221,GOOD,USPSQD,203.643
20260103,http://www.ngs.noaa.gov/cgi-bin/ds_mark.prl?PidBox=NJ0690,NJ0690,30 MDD RM,42.2258333333,-90.0269444444,IL,JO DAVIESS,Q = CHISELED SQUARE,31 = SET IN A PAVEMENT SUCH AS STREET SIDEWALK CURB ETC.,19961221,GOOD,USPSQD,202.097
20260103,http://www.ngs.noaa.gov/cgi-bin/ds_mark.prl?PidBox=ME1628,ME1628,31,41.9115344389,-87.6316499111,IL,COOK,DD = SURVEY DISK,7 = SET IN TOP OF CONCRETE MONUMENT,1989,MARK NOT FOUND,USPSQD,181.983
20260103,http://www.ngs.noaa.gov/cgi-bin/ds_mark.prl?PidBox=DN2001,DN2001,31,40.4950162167,-90.2159384917,IL,FULTON,DD = SURVEY DISK,7 = SET IN TOP OF CONCRETE MONUMENT,200905,MONUMENTED,ILDT,205.2
20260103,http://www.ngs.noaa.gov/cgi-bin/ds_mark.prl?PidBox=LD0203,LD0203,31 BOLT,40.0483333333,-90.1530555556,IL,CASS,B = BOLT,31 = SET IN A PAVEMENT SUCH AS STREET SIDEWALK CURB ETC.,1961,GOOD,CGS,139.909
20260103,http://www.ngs.noaa.gov/cgi-bin/ds_mark.prl?PidBox=MF0062,MF0062,31 C SCHAUMBURG TWP,41.9886111111,-88.1455555556,IL,COOK,B = BOLT,7 = SET IN TOP OF CONCRETE MONUMENT,1969,GOOD,CGS,241.506
20260103,http://www.ngs.noaa.gov/cgi-bin/ds_mark.prl?PidBox=LD0202,LD0202,31 CAP,40.0480555556,-90.1530555556,IL,CASS,C = CAP OF CAP-AND-BOLT PAIR,17 = SET INTO TOP OF METAL PIPE DRIVEN INTO GROUND,1961,GOOD,CGS,141.114
20260103,http://www.ngs.noaa.gov/cgi-bin/ds_mark.prl?PidBox=DP3607,DP3607,31 EV,37.8283444444,-89.1383472222,IL,WILLIAMSON,DB = BENCH MARK DISK,9 = POST (STONE OR PRECAST CONCRETE),20130927,GOOD,AMESC,116.999
20260103,http://www.ngs.noaa.gov/cgi-bin/ds_mark.prl?PidBox=LC0160,LC0160,31 LES,40.0801083333,-88.2383694444,IL,CHAMPAIGN,DD = SURVEY DISK,7 = SET IN TOP OF CONCRETE MONUMENT,20051130,GOOD,ILDT,218.106
20260103,http://www.ngs.noaa.gov/cgi-bin/ds_mark.prl?PidBox=NH0923,NH0923,31 MDD,42.1921111111,-89.9967694444,IL,CARROLL,DD = SURVEY DISK,7 = SET IN TOP OF CONCRETE MONUMENT,20230707,GOOD,ILDT,262.445
20260103,http://www.ngs.noaa.gov/cgi-bin/ds_mark.prl?PidBox=MF0354,MF0354,31 W,41.1391666667,-88.8358333333,IL,LASALLE,DD = SURVEY DISK,7 = SET IN TOP OF CONCRETE MONUMENT,20020923,MARK NOT FOUND,USPSQD,192.368
20260103,http://www.ngs.noaa.gov/cgi-bin/ds_mark.prl?PidBox=MF0355,MF0355,31 W RESET,41.1391666667,-88.8358333333,IL,LASALLE,DD = SURVEY DISK,7 = SET IN TOP OF CONCRETE MONUMENT,1964,MONUMENTED,ILDT,192.41
20260103,http://www.ngs.noaa.gov/cgi-bin/ds_mark.prl?PidBox=DG8499,DG8499,3192,42.3924946889,-87.9045026389,IL,LAKE,DD = SURVEY DISK,7 = SET IN TOP OF CONCRETE MONUMENT,20100512,GOOD,GEOSPC,207.166
20260103,http://www.ngs.noaa.gov/cgi-bin/ds_mark.prl?PidBox=DM6908,DM6908,31H,39.0838345917,-88.2681896861,IL,JASPER,DD = SURVEY DISK,7 = SET IN TOP OF CONCRETE MONUMENT,19290101,MONUMENTED,USGS,176.1
20260103,http://www.ngs.noaa.gov/cgi-bin/ds_mark.prl?PidBox=ME1630,ME1630,32,41.9136111111,-87.6491666667,IL,COOK,B = BOLT,7 = SET IN TOP OF CONCRETE MONUMENT,20250211,GOOD,ASMINC,180.596
20260103,http://www.ngs.noaa.gov/cgi-bin/ds_mark.prl?PidBox=DN1998,DN1998,32,40.5035831500,-90.1708343139,IL,FULTON,DD = SURVEY DISK,7 = SET IN TOP OF CONCRETE MONUMENT,200905,MONUMENTED,ILDT,206.1
20260103,http://www.ngs.noaa.gov/cgi-bin/ds_mark.prl?PidBox=KB0788,KB0788,32 1,39.1416666667,-89.1075000000,IL,FAYETTE,DD = SURVEY DISK,9 = POST (STONE OR PRECAST CONCRETE),20140718,MARK NOT FOUND,ILDT,186.595
20260103,http://www.ngs.noaa.gov/cgi-bin/ds_mark.prl?PidBox=LD0221,LD0221,32 BOLT,40.1061111111,-90.1438888889,IL,MASON,B = BOLT,31 = SET IN A PAVEMENT SUCH AS STREET SIDEWALK CURB ETC.,1961,GOOD,CGS,143.581
20260103,http://www.ngs.noaa.gov/cgi-bin/ds_mark.prl?PidBox=ME1708,ME1708,32 C LEYDEN TWP,41.9069444444,-87.9033333333,IL,COOK,B = BOLT,7 = SET IN TOP OF CONCRETE MONUMENT,1971,MARK NOT FOUND,NGS,197.537
20260103,http://www.ngs.noaa.gov/cgi-bin/ds_mark.prl?PidBox=LD0222,LD0222,32 CAP,40.1061111111,-90.1438888889,IL,MASON,C = CAP OF CAP-AND-BOLT PAIR,17 = SET INTO TOP OF METAL PIPE DRIVEN INTO GROUND,20050501,GOOD,ILDT,144.490
