DATA_DATE,DATA_SRCE,PID,NAME,DEC_LAT,DEC_LON,STATE,COUNTY,MARKER,SETTING,LAST_RECV,LAST_COND,LAST_RECBY,ORTHO_HT
20260103,http://www.ngs.noaa.gov/cgi-bin/ds_mark.prl?PidBox=DI2806,DI2806,0 MET,21.3130276556,-157.9196574778,HI,HONOLULU,DD = SURVEY DISK,7 = SET IN TOP OF CONCRETE MONUMENT,20220217,GOOD,HIROTA,2.296
20260103,http://www.ngs.noaa.gov/cgi-bin/ds_mark.prl?PidBox=TU0894,TU0894,0 UHI,20.6833333333,-156.3883333333,HI,MAUI,Z = SEE DESCRIPTION,66 = SET IN ROCK OUTCROP,19790605,GOOD,NGS,666.665
20260103,http://www.ngs.noaa.gov/cgi-bin/ds_mark.prl?PidBox=TU0397,TU0397,1 12,21.3406651472,-157.8340999306,HI,HONOLULU,DE = TRAVERSE STATION DISK,30 = SET IN A LIGHT STRUCTURE,20060315,SEE DESCRIPTION,HIDT,131.085
20260103,http://www.ngs.noaa.gov/cgi-bin/ds_mark.prl?PidBox=TU0390,TU0390,1 5,21.3289404194,-157.8455503389,HI,HONOLULU,DD = SURVEY DISK,7 = SET IN TOP OF CONCRETE MONUMENT,20150807,GOOD,PAREN,74.288
20260103,http://www.ngs.noaa.gov/cgi-bin/ds_mark.prl?PidBox=TU0260,TU0260,1 8,21.3332430750,-157.8947606500,HI,HONOLULU,DD = SURVEY DISK,36 = SET IN A MASSIVE STRUCTURE,20080902,POOR,GEOCAC,2.542
20260103,http://www.ngs.noaa.gov/cgi-bin/ds_mark.prl?PidBox=TU1723,TU1723,100+23.38,21.3923315944,-158.1571005861,HI,HONOLULU,DD = SURVEY DISK,36 = SET IN A MASSIVE STRUCTURE,20140112,GOOD,GEOCAC,3.
20260103,http://www.ngs.noaa.gov/cgi-bin/ds_mark.prl?PidBox=TU0451,TU0451,109.20,21.3513888889,-157.9577777778,HI,HONOLULU,Z = SEE DESCRIPTION,0 = UNSPECIFIED SETTING,20060708,MARK NOT FOUND,GEOCAC,2.505
20260103,http://www.ngs.noaa.gov/cgi-bin/ds_mark.prl?PidBox=TU2242,TU2242,11 A,19.6616056139,-155.0589786833,HI,HAWAII,DD = SURVEY DISK,7 = SET IN TOP OF CONCRETE MONUMENT,20051010,GOOD,USPSQD,77.0
20260103,http://www.ngs.noaa.gov/cgi-bin/ds_mark.prl?PidBox=TU2243,TU2243,11 B,19.6657469556,-155.0618189306,HI,HAWAII,DD = SURVEY DISK,7 = SET IN TOP OF CONCRETE MONUMENT,20051010,GOOD,USPSQD,75.8
20260103,http://www.ngs.noaa.gov/cgi-bin/ds_mark.prl?PidBox=TU2244,TU2244,11 C,19.6713979972,-155.0645546028,HI,HAWAII,DD = SURVEY DISK,7 = SET IN TOP OF CONCRETE MONUMENT,1978,MONUMENTED,HIGS,65.8
20260103,http://www.ngs.noaa.gov/cgi-bin/ds_mark.prl?PidBox=DR4705,DR4705,11 M,20.8949916667,-156.2197222222,HI,MAUI,DD = SURVEY DISK,38 = SET IN THE ABUTMENT OR PIER OF A LARGE BRIDGE,20170626,GOOD,HIROTA,200.872
20260103,http://www.ngs.noaa.gov/cgi-bin/ds_mark.prl?PidBox=TU2159,TU2159,1210=KAIWIKI NEW,19.7559887833,-155.1317147806,HI,HAWAII,DD = SURVEY DISK,7 = SET IN TOP OF CONCRETE MONUMENT,1986,GOOD,,369.1
20260103,http://www.ngs.noaa.gov/cgi-bin/ds_mark.prl?PidBox=DR2183,DR2183,123,21.3355555556,-157.9044444444,HI,HONOLULU,DE = TRAVERSE STATION DISK,31 = SET IN A PAVEMENT SUCH AS STREET SIDEWALK CURB ETC.,20150730,GOOD,PAREN,5.502
20260103,http://www.ngs.noaa.gov/cgi-bin/ds_mark.prl?PidBox=DR2184,DR2184,124,21.3347222222,-157.8988888889,HI,HONOLULU,DE = TRAVERSE STATION DISK,31 = SET IN A PAVEMENT SUCH AS STREET SIDEWALK CURB ETC.,20150730,GOOD,PAREN,2.714
20260103,http://www.ngs.noaa.gov/cgi-bin/ds_mark.prl?PidBox=TU0062,TU0062,1266,19.5619444444,-155.0927777778,HI,HAWAII,DB = BENCH MARK DISK,66 = SET IN ROCK OUTCROP,1975,MARK NOT FOUND,NGS,386.023
20260103,http://www.ngs.noaa.gov/cgi-bin/ds_mark.prl?PidBox=AA3587,AA3587,1311 NCMN C,22.1258472417,-159.6652446111,HI,KAUAI,DD = SURVEY DISK,7 = SET IN TOP OF CONCRETE MONUMENT,19970610,GOOD,USPSQD,1138.1
20260103,http://www.ngs.noaa.gov/cgi-bin/ds_mark.prl?PidBox=TU2087,TU2087,153 YY,19.4906092667,-154.8684672444,HI,HAWAII,DB = BENCH MARK DISK,7 = SET IN TOP OF CONCRETE MONUMENT,19800124,GOOD,USGS,116.77
20260103,http://www.ngs.noaa.gov/cgi-bin/ds_mark.prl?PidBox=AA3584,AA3584,161 1347 B TIDAL,21.8999285861,-159.5880929667,HI,KAUAI,DJ = TIDAL STATION DISK,4 = OBJECT SURROUNDED BY MASS OF CONCRETE,20230123,GOOD,HIROTA,3.022
20260103,http://www.ngs.noaa.gov/cgi-bin/ds_mark.prl?PidBox=DL6029,DL6029,161 1347 C,21.9004237222,-159.5877355361,HI,KAUAI,DD = SURVEY DISK,4 = OBJECT SURROUNDED BY MASS OF CONCRETE,20221006,GOOD,HIROTA,6.770
20260103,http://www.ngs.noaa.gov/cgi-bin/ds_mark.prl?PidBox=DL6030,DL6030,161 1347 PIER LANI 7,21.8996258750,-159.5898464944,HI,KAUAI,DD = SURVEY DISK,38 = SET IN THE ABUTMENT OR PIER OF A LARGE BRIDGE,20221006,GOOD,HIROTA,3.088
20260103,http://www.ngs.noaa.gov/cgi-bin/ds_mark.prl?PidBox=DL6033,DL6033,161 1347 TIDAL 1,21.8988701250,-159.5877368083,HI,KAUAI,DB = BENCH MARK DISK,4 = OBJECT SURROUNDED BY MASS OF CONCRETE,20220908,GOOD,HIROTA,4.078
20260103,http://www.ngs.noaa.gov/cgi-bin/ds_mark.prl?PidBox=DL6032,DL6032,161 1347 TIDAL 3,21.8988959861,-159.5872600111,HI,KAUAI,DB = BENCH MARK DISK,4 = OBJECT SURROUNDED BY MASS OF CONCRETE,20220908,GOOD,HIROTA,9.368
20260103,http://www.ngs.noaa.gov/cgi-bin/ds_mark.prl?PidBox=DL6031,DL6031,161 1347 TIDAL 35,21.8989824528,-159.5872436333,HI,KAUAI,DD = SURVEY DISK,4 = OBJECT SURROUNDED BY MASS OF CONCRETE,20220908,GOOD,HIROTA,10.384
20260103,http://www.ngs.noaa.gov/cgi-bin/ds_mark.prl?PidBox=DL6025,DL6025,161 1400 A,21.9543164556,-159.3571931389,HI,KAUAI,DD = SURVEY DISK,35 = SET IN A MAT FOUNDATION OR CONCRETE SLAB OTHER THAN PAVEMENT,20220521,GOOD,HIROTA,2.157
20260103,http://www.ngs.noaa.gov/cgi-bin/ds_mark.prl?PidBox=DL6026,DL6026,161 1400 F,21.9530526472,-159.3528958500,HI,KAUAI,DB = BENCH MARK DISK,32 = SET IN A RETAINING WALL OR CONCRETE LEDGE,20230110,GOOD,HIROTA,2.311
20260103,http://www.ngs.noaa.gov/cgi-bin/ds_mark.prl?PidBox=DR9914,DR9914,161 1400 H,21.9550666667,-159.3536638889,HI,KAUAI,DB = BENCH MARK DISK,38 = SET IN THE ABUTMENT OR PIER OF A LARGE BRIDGE,20221006,GOOD,HIROTA,2.269
20260103,http://www.ngs.noaa.gov/cgi-bin/ds_mark.prl?PidBox=DR9915,DR9915,161 1400 L,21.9542027778,-159.3579222222,HI,KAUAI,DJ = TIDAL STATION DISK,34 = SET IN THE FOOTINGS OF SMALL/MEDIUM STRUCTURES,20221006,GOOD,HIROTA,1.875
20260103,http://www.ngs.noaa.gov/cgi-bin/ds_mark.prl?PidBox=DK4804,DK4804,161 1400 TIDAL 5,21.9547009194,-159.3534796389,HI,KAUAI,DB = BENCH MARK DISK,31 = SET IN A PAVEMENT SUCH AS STREET SIDEWALK CURB ETC.,20220202,GOOD,HIROTA,1.297
20260103,http://www.ngs.noaa.gov/cgi-bin/ds_mark.prl?PidBox=DK3426,DK3426,161 1400 WALL,21.9541559056,-159.3577004528,HI,KAUAI,DD = SURVEY DISK,40 = SET IN A LARGE STRUCTURE WITH DEEP FOUNDATIONS,20090316,MARK NOT FOUND,USACE,1.60
20260103,http://www.ngs.noaa.gov/cgi-bin/ds_mark.prl?PidBox=TU0678,TU0678,161 1401 TIDAL 2,21.9555555556,-159.6705555556,HI,KAUAI,DB = BENCH MARK DISK,36 = SET IN A MASSIVE STRUCTURE,19980815,MARK NOT FOUND,USPSQD,2.810
20260103,http://www.ngs.noaa.gov/cgi-bin/ds_mark.prl?PidBox=TU0284,TU0284,161 2340 TIDAL 11,21.3058055556,-157.8644166667,HI,HONOLULU,DB = BENCH MARK DISK,36 = SET IN A MASSIVE STRUCTURE,20150204,GOOD,GEOCAC,1.565
20260103,http://www.ngs.noaa.gov/cgi-bin/ds_mark.prl?PidBox=TU0288,TU0288,161 2340 TIDAL 12,21.3062777778,-157.8603888889,HI,HONOLULU,DB = BENCH MARK DISK,35 = SET IN A MAT FOUNDATION OR CONCRETE SLAB OTHER THAN PAVEMENT,20160313,GOOD,GEOCAC,3.744
20260103,http://www.ngs.noaa.gov/cgi-bin/ds_mark.prl?PidBox=TU0292,TU0292,161 2340 TIDAL 20,21.3033138889,-157.8645333333,HI,HONOLULU,DB = BENCH MARK DISK,38 = SET IN THE ABUTMENT OR PIER OF A LARGE BRIDGE,20090312,GOOD,USACE,1.641
20260103,http://www.ngs.noaa.gov/cgi-bin/ds_mark.prl?PidBox=TU0291,TU0291,161 2340 TIDAL 21,21.3037972222,-157.8636222222,HI,HONOLULU,DB = BENCH MARK DISK,36 = SET IN A MASSIVE STRUCTURE,20160302,GOOD,GEOCAC,2.042
20260103,http://www.ngs.noaa.gov/cgi-bin/ds_mark.prl?PidBox=DK3432,DK3432,161 2480 NO 2,21.4327596944,-157.7895486000,HI,HONOLULU,DB = BENCH MARK DISK,40 = SET IN A LARGE STRUCTURE WITH DEEP FOUNDATIONS,20080210,GOOD,NOSPMC,0.84
20260103,http://www.ngs.noaa.gov/cgi-bin/ds_mark.prl?PidBox=TU0534,TU0534,161 2668 TIDAL 4,21.5930113722,-158.1063861861,HI,HONOLULU,DB = BENCH MARK DISK,31 = SET IN A PAVEMENT SUCH AS STREET SIDEWALK CURB ETC.,20160220,GOOD,GEOCAC,1.227
20260103,http://www.ngs.noaa.gov/cgi-bin/ds_mark.prl?PidBox=TU0533,TU0533,161 2668 TIDAL 5,21.5929825861,-158.1046616361,HI,HONOLULU,DB = BENCH MARK DISK,31 = SET IN A PAVEMENT SUCH AS STREET SIDEWALK CURB ETC.,20160220,GOOD,GEOCAC,1.019
20260103,http://www.ngs.noaa.gov/cgi-bin/ds_mark.prl?PidBox=DM4979,DM4979,161 3198 A,21.0822143778,-157.0282052806,HI,MAUI,DB = BENCH MARK DISK,4 = OBJECT SURROUNDED BY MASS OF CONCRETE,20100210,GOOD,USACE,1.60
20260103,http://www.ngs.noaa.gov/cgi-bin/ds_mark.prl?PidBox=DM4982,DM4982,161 3198 B,21.0827152917,-157.0273323694,HI,MAUI,DJ = TIDAL STATION DISK,35 = SET IN A MAT FOUNDATION OR CONCRETE SLAB OTHER THAN PAVEMENT,20230201,GOOD,HIROTA,1.08
20260103,http://www.ngs.noaa.gov/cgi-bin/ds_mark.prl?PidBox=DM4980,DM4980,161 3198 C,21.0831836639,-157.0264853083,HI,MAUI,DB = BENCH MARK DISK,4 = OBJECT SURROUNDED BY MASS OF CONCRETE,20100210,GOOD,USACE,1.98
20260103,http://www.ngs.noaa.gov/cgi-bin/ds_mark.prl?PidBox=DK3431,DK3431,161 3198 TIDAL 10,21.0828436139,-157.0268478361,HI,MAUI,DB = BENCH MARK DISK,40 = SET IN A LARGE STRUCTURE WITH DEEP FOUNDATIONS,20000801,GOOD,NGS,1.48
20260103,http://www.ngs.noaa.gov/cgi-bin/ds_mark.prl?PidBox=DM4981,DM4981,161 3198 UNSTAMPED,21.0821077556,-157.0276570278,HI,MAUI,DB = BENCH MARK DISK,31 = SET IN A PAVEMENT SUCH AS STREET SIDEWALK CURB ETC.,20230201,GOOD,HIROTA,0.97
20260103,http://www.ngs.noaa.gov/cgi-bin/ds_mark.prl?PidBox=DL6323,DL6323,161 4465 TIDAL 2,20.7869969833,-156.9908316222,HI,MAUI,DB = BENCH MARK DISK,37 = SET IN A MASSIVE RETAINING WALL,20170515,GOOD,ATASSI,3.478
20260103,http://www.ngs.noaa.gov/cgi-bin/ds_mark.prl?PidBox=AA3579,AA3579,161 4465 TIDAL 5,20.7875494556,-156.9914768472,HI,MAUI,S = SPIKE,37 = SET IN A MASSIVE RETAINING WALL,20170515,GOOD,ATASSI,9.994
20260103,http://www.ngs.noaa.gov/cgi-bin/ds_mark.prl?PidBox=TU0884,TU0884,161 5081 TIDAL 1,20.5994444444,-156.4200000000,HI,MAUI,DB = BENCH MARK DISK,66 = SET IN ROCK OUTCROP,19790605,GOOD,NGS,1.773
20260103,http://www.ngs.noaa.gov/cgi-bin/ds_mark.prl?PidBox=TU0882,TU0882,161 5081 TIDAL 2,20.5994444444,-156.4200000000,HI,MAUI,DB = BENCH MARK DISK,66 = SET IN ROCK OUTCROP,19790605,GOOD,NGS,2.571
20260103,http://www.ngs.noaa.gov/cgi-bin/ds_mark.prl?PidBox=TU0883,TU0883,161 5081 TIDAL 3,20.5994444444,-156.4200000000,HI,MAUI,DB = BENCH MARK DISK,66 = SET IN ROCK OUTCROP,19790605,GOOD,NGS,1.539
20260103,http://www.ngs.noaa.gov/cgi-bin/ds_mark.prl?PidBox=TU0881,TU0881,161 5081 TIDAL 4,20.5994444444,-156.4200000000,HI,MAUI,DB = BENCH MARK DISK,66 = SET IN ROCK OUTCROP,19790605,GOOD,NGS,3.237
20260103,http://www.ngs.noaa.gov/cgi-bin/ds_mark.prl?PidBox=TU2913,TU2913,161 5202 TIDAL 2,20.6540361972,-156.4421490472,HI,MAUI,DB = BENCH MARK DISK,66 = SET IN ROCK OUTCROP,19790605,GOOD,NGS,3.491
20260103,http://www.ngs.noaa.gov/cgi-bin/ds_mark.prl?PidBox=TU0871,TU0871,161 5202 TIDAL 3,20.6540638889,-156.4420638889,HI,MAUI,DB = BENCH MARK DISK,36 = SET IN A MASSIVE STRUCTURE,19790605,GOOD,NGS,0.847
20260103,http://www.ngs.noaa.gov/cgi-bin/ds_mark.prl?PidBox=TU0873,TU0873,161 5202 TIDAL 4,20.6540250000,-156.4421944444,HI,MAUI,DB = BENCH MARK DISK,66 = SET IN ROCK OUTCROP,19790605,GOOD,NGS,3.403
20260103,http://www.ngs.noaa.gov/cgi-bin/ds_mark.prl?PidBox=TU0925,TU0925,161 5395 TIDAL 1,20.7563027778,-155.9824250000,HI,MAUI,DD = SURVEY DISK,38 = SET IN THE ABUTMENT OR PIER OF A LARGE BRIDGE,20170207,GOOD,HIROTA,2.551
20260103,http://www.ngs.noaa.gov/cgi-bin/ds_mark.prl?PidBox=TU0927,TU0927,161 5395 TIDAL 2,20.7558333333,-155.9813888889,HI,MAUI,DJ = TIDAL STATION DISK,80 = SET IN A BOULDER,1979,GOOD,NGS,4.915
20260103,http://www.ngs.noaa.gov/cgi-bin/ds_mark.prl?PidBox=TU0928,TU0928,161 5395 TIDAL 3,20.7552777778,-155.9822222222,HI,MAUI,DJ = TIDAL STATION DISK,36 = SET IN A MASSIVE STRUCTURE,1979,GOOD,NGS,3.044
20260103,http://www.ngs.noaa.gov/cgi-bin/ds_mark.prl?PidBox=TU0929,TU0929,161 5395 TIDAL 4,20.7550000000,-155.9825000000,HI,MAUI,DJ = TIDAL STATION DISK,36 = SET IN A MASSIVE STRUCTURE,1979,GOOD,NGS,3.051
20260103,http://www.ngs.noaa.gov/cgi-bin/ds_mark.prl?PidBox=DK4805,DK4805,161 5680 A,20.8934779056,-156.4665782806,HI,MAUI,DB = BENCH MARK DISK,35 = SET IN A MAT FOUNDATION OR CONCRETE SLAB OTHER THAN PAVEMENT,20090303,GOOD,NOS,1.93
20260103,http://www.ngs.noaa.gov/cgi-bin/ds_mark.prl?PidBox=DK3427,DK3427,161 5680 C TIDAL,20.8897991639,-156.4667907278,HI,MAUI,DB = BENCH MARK DISK,49 = STAINLESS STEEL ROD W/O SLEEVE (10 FT.+),20221005,GOOD,HIROTA,1.461
20260103,http://www.ngs.noaa.gov/cgi-bin/ds_mark.prl?PidBox=TU0850,TU0850,161 5680 TIDAL 11,20.8913111111,-156.4667833333,HI,MAUI,DB = BENCH MARK DISK,31 = SET IN A PAVEMENT SUCH AS STREET SIDEWALK CURB ETC.,20170209,GOOD,HIROTA,2.006
20260103,http://www.ngs.noaa.gov/cgi-bin/ds_mark.prl?PidBox=TU0856,TU0856,161 5680 TIDAL 12,20.8888888889,-156.4666666667,HI,MAUI,DB = BENCH MARK DISK,30 = SET IN A LIGHT STRUCTURE,20120514,MARK NOT FOUND,GEOCAC,1.263
20260103,http://www.ngs.noaa.gov/cgi-bin/ds_mark.prl?PidBox=TU0176,TU0176,161 5680 TIDAL 2,20.8930555556,-156.4663888889,HI,MAUI,DB = BENCH MARK DISK,30 = SET IN A LIGHT STRUCTURE,19990725,MARK NOT FOUND,USPSQD,2.397
20260103,http://www.ngs.noaa.gov/cgi-bin/ds_mark.prl?PidBox=TU0232,TU0232,161 5680 TIDAL 4,20.8930555556,-156.4663888889,HI,MAUI,DB = BENCH MARK DISK,30 = SET IN A LIGHT STRUCTURE,1981,MARK NOT FOUND,USGS,2.310
20260103,http://www.ngs.noaa.gov/cgi-bin/ds_mark.prl?PidBox=TU0233,TU0233,161 5680 TIDAL 5,20.8938888889,-156.4663888889,HI,MAUI,DB = BENCH MARK DISK,30 = SET IN A LIGHT STRUCTURE,1979,GOOD,NGS,1.754
20260103,http://www.ngs.noaa.gov/cgi-bin/ds_mark.prl?PidBox=TU0231,TU0231,161 5680 TIDAL 6,20.8944444444,-156.4675000000,HI,MAUI,DB = BENCH MARK DISK,36 = SET IN A MASSIVE STRUCTURE,1979,GOOD,NGS,2.308
20260103,http://www.ngs.noaa.gov/cgi-bin/ds_mark.prl?PidBox=TU0847,TU0847,161 5680 TIDAL 8,20.8952611111,-156.4686444444,HI,MAUI,DB = BENCH MARK DISK,36 = SET IN A MASSIVE STRUCTURE,19790605,GOOD,NGS,2.696
20260103,http://www.ngs.noaa.gov/cgi-bin/ds_mark.prl?PidBox=TU0845,TU0845,161 5680 TIDAL 9,20.8947222222,-156.4677777778,HI,MAUI,DB = BENCH MARK DISK,35 = SET IN A MAT FOUNDATION OR CONCRETE SLAB OTHER THAN PAVEMENT,19790605,GOOD,NGS,2.473
20260103,http://www.ngs.noaa.gov/cgi-bin/ds_mark.prl?PidBox=DK3434,DK3434,161 7433 B,20.0365520361,-155.8291835639,HI,HAWAII,DJ = TIDAL STATION DISK,40 = SET IN A LARGE STRUCTURE WITH DEEP FOUNDATIONS,20130311,GOOD,USACE,1.96
20260103,http://www.ngs.noaa.gov/cgi-bin/ds_mark.prl?PidBox=DK3430,DK3430,161 7760 A,19.7276659056,-155.0544137778,HI,HAWAII,DB = BENCH MARK DISK,66 = SET IN ROCK OUTCROP,20211214,GOOD,HIROTA,5.55
20260103,http://www.ngs.noaa.gov/cgi-bin/ds_mark.prl?PidBox=DO8011,DO8011,161 7760 TIDAL 5,19.7293495528,-155.0553374056,HI,HAWAII,DR = REFERENCE MARK DISK,38 = SET IN THE ABUTMENT OR PIER OF A LARGE BRIDGE,20211214,GOOD,HIROTA,2.36
20260103,http://www.ngs.noaa.gov/cgi-bin/ds_mark.prl?PidBox=AA3601,AA3601,161 8739 A TIDAL,18.9164649333,-155.6684154806,HI,HAWAII,DB = BENCH MARK DISK,66 = SET IN ROCK OUTCROP,1979,MONUMENTED,NOS,4.
20260103,http://www.ngs.noaa.gov/cgi-bin/ds_mark.prl?PidBox=TU0214,TU0214,17,20.9158333333,-156.3811111111,HI,MAUI,DD = SURVEY DISK,7 = SET IN TOP OF CONCRETE MONUMENT,19970617,MARK NOT FOUND,USPSQD,5.032
20260103,http://www.ngs.noaa.gov/cgi-bin/ds_mark.prl?PidBox=TU1424,TU1424,171,21.3512783556,-157.9613996000,HI,HONOLULU,DD = SURVEY DISK,7 = SET IN TOP OF CONCRETE MONUMENT,1964,GOOD,CGS,1.
20260103,http://www.ngs.noaa.gov/cgi-bin/ds_mark.prl?PidBox=TU2425,TU2425,1855,19.2651043500,-155.4398075444,HI,HAWAII,DD = SURVEY DISK,66 = SET IN ROCK OUTCROP,1977,MONUMENTED,USGS,566.52
20260103,http://www.ngs.noaa.gov/cgi-bin/ds_mark.prl?PidBox=TU0818,TU0818,1964 2,22.1338394722,-159.7285996528,HI,KAUAI,DS = TRIANGULATION STATION DISK,30 = SET IN A LIGHT STRUCTURE,1966,GOOD,CGS,454.218
20260103,http://www.ngs.noaa.gov/cgi-bin/ds_mark.prl?PidBox=TU0819,TU0819,1964 2 RM 1,22.1337888889,-159.7286388889,HI,KAUAI,DR = REFERENCE MARK DISK,30 = SET IN A LIGHT STRUCTURE,1966,GOOD,CGS,454.174
20260103,http://www.ngs.noaa.gov/cgi-bin/ds_mark.prl?PidBox=TU0553,TU0553,2,21.5811111111,-158.2030555556,HI,HONOLULU,DD = SURVEY DISK,7 = SET IN TOP OF CONCRETE MONUMENT,20060605,MARK NOT FOUND,HIDT,4.004
20260103,http://www.ngs.noaa.gov/cgi-bin/ds_mark.prl?PidBox=TU0416,TU0416,2 10,21.2931638917,-157.8250794111,HI,HONOLULU,DD = SURVEY DISK,30 = SET IN A LIGHT STRUCTURE,20060315,GOOD,HIDT,3.606
20260103,http://www.ngs.noaa.gov/cgi-bin/ds_mark.prl?PidBox=TU0437,TU0437,2 5,21.2820151528,-157.8142133806,HI,HONOLULU,DD = SURVEY DISK,30 = SET IN A LIGHT STRUCTURE,20150319,GOOD,GEOCAC,3.748
20260103,http://www.ngs.noaa.gov/cgi-bin/ds_mark.prl?PidBox=TU0414,TU0414,2 6,21.2967475389,-157.8295171639,HI,HONOLULU,DD = SURVEY DISK,7 = SET IN TOP OF CONCRETE MONUMENT,20060315,SEE DESCRIPTION,HIDT,5.161
20260103,http://www.ngs.noaa.gov/cgi-bin/ds_mark.prl?PidBox=DR2142,DR2142,2 6C,21.2949722222,-157.8247500000,HI,HONOLULU,DD = SURVEY DISK,31 = SET IN A PAVEMENT SUCH AS STREET SIDEWALK CURB ETC.,20150730,GOOD,HIROTA,3.394
20260103,http://www.ngs.noaa.gov/cgi-bin/ds_mark.prl?PidBox=TU0853,TU0853,2 UHI,20.8802777778,-156.4963888889,HI,MAUI,DB = BENCH MARK DISK,35 = SET IN A MAT FOUNDATION OR CONCRETE SLAB OTHER THAN PAVEMENT,20231113,GOOD,USACE,93.612
20260103,http://www.ngs.noaa.gov/cgi-bin/ds_mark.prl?PidBox=TU0197,TU0197,20 A,20.7950000000,-156.4352777778,HI,MAUI,X = CHISELED CROSS,36 = SET IN A MASSIVE STRUCTURE,19970619,MARK NOT FOUND,USPSQD,67.635
20260103,http://www.ngs.noaa.gov/cgi-bin/ds_mark.prl?PidBox=TU0278,TU0278,200,21.3200000000,-157.8538888889,HI,HONOLULU,DD = SURVEY DISK,7 = SET IN TOP OF CONCRETE MONUMENT,20060624,SEE DESCRIPTION,HIDT,19.132
20260103,http://www.ngs.noaa.gov/cgi-bin/ds_mark.prl?PidBox=TU0069,TU0069,2002,19.5286111111,-155.1327777778,HI,HAWAII,DB = BENCH MARK DISK,31 = SET IN A PAVEMENT SUCH AS STREET SIDEWALK CURB ETC.,1975,GOOD,NGS,610.400
20260103,http://www.ngs.noaa.gov/cgi-bin/ds_mark.prl?PidBox=TU0194,TU0194,21 B,20.7838888889,-156.4519444444,HI,MAUI,X = CHISELED CROSS,36 = SET IN A MASSIVE STRUCTURE,19970619,MARK NOT FOUND,USPSQD,21.598
20260103,http://www.ngs.noaa.gov/cgi-bin/ds_mark.prl?PidBox=TU1423,TU1423,214,21.3493049556,-157.9611611333,HI,HONOLULU,DD = SURVEY DISK,36 = SET IN A MASSIVE STRUCTURE,20030709,MARK NOT FOUND,GEOCAC,13.4
20260103,http://www.ngs.noaa.gov/cgi-bin/ds_mark.prl?PidBox=TU1430,TU1430,246,21.3458283583,-157.9651978667,HI,HONOLULU,DS = TRIANGULATION STATION DISK,36 = SET IN A MASSIVE STRUCTURE,20030709,SEE DESCRIPTION,GEOCAC,3.
20260103,http://www.ngs.noaa.gov/cgi-bin/ds_mark.prl?PidBox=TU2750,TU2750,258 DATUM,20.1359930750,-155.8865947500,HI,HAWAII,DD = SURVEY DISK,66 = SET IN ROCK OUTCROP,20110627,GOOD,GEOCAC,76.0
20260103,http://www.ngs.noaa.gov/cgi-bin/ds_mark.prl?PidBox=TU3253,TU3253,27 M,20.9232694389,-156.9379043750,HI,MAUI,Z = SEE DESCRIPTION,0 = UNSPECIFIED SETTING,1962,MONUMENTED,USGS,6.02
20260103,http://www.ngs.noaa.gov/cgi-bin/ds_mark.prl?PidBox=TU2006,TU2006,273901 1967,22.1343092167,-159.7279656417,HI,KAUAI,,,1967,MONUMENTED,CGS,460.
20260103,http://www.ngs.noaa.gov/cgi-bin/ds_mark.prl?PidBox=TU0844,TU0844,273901 AXIS,22.1344444444,-159.7280555556,HI,KAUAI,Z = SEE DESCRIPTION,0 = UNSPECIFIED SETTING,1967,GOOD,CGS,475.294
20260103,http://www.ngs.noaa.gov/cgi-bin/ds_mark.prl?PidBox=TU2005,TU2005,273902 1967,22.1345406111,-159.7279286389,HI,KAUAI,,,1967,MONUMENTED,CGS,459.
20260103,http://www.ngs.noaa.gov/cgi-bin/ds_mark.prl?PidBox=TU0843,TU0843,273902 AXIS,22.1347222222,-159.7280555556,HI,KAUAI,Z = SEE DESCRIPTION,0 = UNSPECIFIED SETTING,1967,GOOD,CGS,470.869
20260103,http://www.ngs.noaa.gov/cgi-bin/ds_mark.prl?PidBox=TU2008,TU2008,273C01 1967,22.1349796917,-159.7283278944,HI,KAUAI,,,1967,MONUMENTED,CGS,454.
20260103,http://www.ngs.noaa.gov/cgi-bin/ds_mark.prl?PidBox=TU0828,TU0828,274201 DISH,22.1322222222,-159.7236111111,HI,KAUAI,Z = SEE DESCRIPTION,36 = SET IN A MASSIVE STRUCTURE,1967,GOOD,CGS,529.208
20260103,http://www.ngs.noaa.gov/cgi-bin/ds_mark.prl?PidBox=TU0827,TU0827,274201 MK,22.1320459889,-159.7236570556,HI,KAUAI,DB = BENCH MARK DISK,36 = SET IN A MASSIVE STRUCTURE,1967,GOOD,CGS,512.958
20260103,http://www.ngs.noaa.gov/cgi-bin/ds_mark.prl?PidBox=TU0834,TU0834,274202 DISH,22.1322222222,-159.7236111111,HI,KAUAI,Z = SEE DESCRIPTION,36 = SET IN A MASSIVE STRUCTURE,1967,GOOD,CGS,527.089
20260103,http://www.ngs.noaa.gov/cgi-bin/ds_mark.prl?PidBox=TU0833,TU0833,274202 MK,22.1320316778,-159.7236639139,HI,KAUAI,DB = BENCH MARK DISK,36 = SET IN A MASSIVE STRUCTURE,1967,GOOD,CGS,512.917
20260103,http://www.ngs.noaa.gov/cgi-bin/ds_mark.prl?PidBox=TU0831,TU0831,274203 MK,22.1320384194,-159.7236624972,HI,KAUAI,DB = BENCH MARK DISK,36 = SET IN A MASSIVE STRUCTURE,1967,GOOD,CGS,512.940
20260103,http://www.ngs.noaa.gov/cgi-bin/ds_mark.prl?PidBox=TU0832,TU0832,274203 TARGET,22.1322222222,-159.7236111111,HI,KAUAI,Z = SEE DESCRIPTION,36 = SET IN A MASSIVE STRUCTURE,1967,GOOD,CGS,530.482
20260103,http://www.ngs.noaa.gov/cgi-bin/ds_mark.prl?PidBox=TU0825,TU0825,274204 MK,22.1320533139,-159.7236513028,HI,KAUAI,DB = BENCH MARK DISK,16 = (FASTENED TO) A METAL ROD WITH BASE PLATE BURIED/SCREWED INTO GROUND,1967,GOOD,CGS,512.858
20260103,http://www.ngs.noaa.gov/cgi-bin/ds_mark.prl?PidBox=TU0826,TU0826,274204 TARGET,22.1322222222,-159.7236111111,HI,KAUAI,Z = SEE DESCRIPTION,36 = SET IN A MASSIVE STRUCTURE,1967,GOOD,CGS,527.946
20260103,http://www.ngs.noaa.gov/cgi-bin/ds_mark.prl?PidBox=TU0835,TU0835,274205 MK,22.1320243222,-159.7236703000,HI,KAUAI,DB = BENCH MARK DISK,16 = (FASTENED TO) A METAL ROD WITH BASE PLATE BURIED/SCREWED INTO GROUND,1967,GOOD,CGS,512.995
20260103,http://www.ngs.noaa.gov/cgi-bin/ds_mark.prl?PidBox=TU0836,TU0836,274205 TARGET,22.1319444444,-159.7236111111,HI,KAUAI,Z = SEE DESCRIPTION,36 = SET IN A MASSIVE STRUCTURE,1967,GOOD,CGS,528.273
20260103,http://www.ngs.noaa.gov/cgi-bin/ds_mark.prl?PidBox=TU0829,TU0829,274206 MARK,22.1320389194,-159.7236574361,HI,KAUAI,DB = BENCH MARK DISK,36 = SET IN A MASSIVE STRUCTURE,1967,GOOD,CGS,512.987
20260103,http://www.ngs.noaa.gov/cgi-bin/ds_mark.prl?PidBox=TU0830,TU0830,274206 TARGET,22.1322222222,-159.7236111111,HI,KAUAI,Z = SEE DESCRIPTION,36 = SET IN A MASSIVE STRUCTURE,1967,GOOD,CGS,525.833
20260103,http://www.ngs.noaa.gov/cgi-bin/ds_mark.prl?PidBox=TU0842,TU0842,274207 ANTENNA,22.1336111111,-159.7275000000,HI,KAUAI,B = BOLT,36 = SET IN A MASSIVE STRUCTURE,1967,GOOD,CGS,482.623
20260103,http://www.ngs.noaa.gov/cgi-bin/ds_mark.prl?PidBox=TU0841,TU0841,274207 MK,22.1334878611,-159.7273931806,HI,KAUAI,DB = BENCH MARK DISK,7 = SET IN TOP OF CONCRETE MONUMENT,1967,GOOD,CGS,469.088
20260103,http://www.ngs.noaa.gov/cgi-bin/ds_mark.prl?PidBox=TU0409,TU0409,3,21.3122222222,-157.8600000000,HI,HONOLULU,DD = SURVEY DISK,7 = SET IN TOP OF CONCRETE MONUMENT,1969,GOOD,CGS,6.415
20260103,http://www.ngs.noaa.gov/cgi-bin/ds_mark.prl?PidBox=TU0471,TU0471,3 1,21.3055555556,-157.7919444444,HI,HONOLULU,DE = TRAVERSE STATION DISK,30 = SET IN A LIGHT STRUCTURE,20060315,GOOD,HIDT,99.184
20260103,http://www.ngs.noaa.gov/cgi-bin/ds_mark.prl?PidBox=TU0329,TU0329,3 11,21.2844444444,-157.7211111111,HI,HONOLULU,DD = SURVEY DISK,7 = SET IN TOP OF CONCRETE MONUMENT,20110611,GOOD,GPSHI,1.109
20260103,http://www.ngs.noaa.gov/cgi-bin/ds_mark.prl?PidBox=TU0334,TU0334,3 13,21.2729445722,-157.6889365972,HI,HONOLULU,DE = TRAVERSE STATION DISK,7 = SET IN TOP OF CONCRETE MONUMENT,20150714,GOOD,PAREN,60.876
20260103,http://www.ngs.noaa.gov/cgi-bin/ds_mark.prl?PidBox=TU0421,TU0421,3 3,21.2868803583,-157.8072836639,HI,HONOLULU,DD = SURVEY DISK,30 = SET IN A LIGHT STRUCTURE,20060315,GOOD,HIDT,30.215
20260103,http://www.ngs.noaa.gov/cgi-bin/ds_mark.prl?PidBox=DR2144,DR2144,3 3D,21.2821944444,-157.7981944444,HI,HONOLULU,DD = SURVEY DISK,31 = SET IN A PAVEMENT SUCH AS STREET SIDEWALK CURB ETC.,20150723,GOOD,HIROTA,52.851
20260103,http://www.ngs.noaa.gov/cgi-bin/ds_mark.prl?PidBox=TU0313,TU0313,3 4,21.2710056639,-157.8226074111,HI,HONOLULU,DD = SURVEY DISK,31 = SET IN A PAVEMENT SUCH AS STREET SIDEWALK CURB ETC.,20060607,MARK NOT FOUND,HIDT,2.419
20260103,http://www.ngs.noaa.gov/cgi-bin/ds_mark.prl?PidBox=TU0323,TU0323,3 6,21.2762162167,-157.7637737889,HI,HONOLULU,DE = TRAVERSE STATION DISK,31 = SET IN A PAVEMENT SUCH AS STREET SIDEWALK CURB ETC.,20150714,GOOD,PAREN,2.993
20260103,http://www.ngs.noaa.gov/cgi-bin/ds_mark.prl?PidBox=TU0325,TU0325,3 7,21.2782660417,-157.7517962361,HI,HONOLULU,DD = SURVEY DISK,31 = SET IN A PAVEMENT SUCH AS STREET SIDEWALK CURB ETC.,20060315,SEE DESCRIPTION,HIDT,1.946
20260103,http://www.ngs.noaa.gov/cgi-bin/ds_mark.prl?PidBox=TU0327,TU0327,3 8,21.2809116583,-157.7381843500,HI,HONOLULU,DD = SURVEY DISK,7 = SET IN TOP OF CONCRETE MONUMENT,20060315,SEE DESCRIPTION,HIDT,1.494
20260103,http://www.ngs.noaa.gov/cgi-bin/ds_mark.prl?PidBox=TU0876,TU0876,3 UHI,20.6363888889,-156.4486111111,HI,MAUI,DB = BENCH MARK DISK,65 = SET IN UNSPECIFIED ROCK OR BOULDER,19790605,GOOD,NGS,109.016
20260103,http://www.ngs.noaa.gov/cgi-bin/ds_mark.prl?PidBox=TU0216,TU0216,30,20.9086111111,-156.4008333333,HI,MAUI,N = NAIL,30 = SET IN A LIGHT STRUCTURE,19990724,MARK NOT FOUND,USPSQD,9.029
20260103,http://www.ngs.noaa.gov/cgi-bin/ds_mark.prl?PidBox=TU1679,TU1679,30188,21.3145856944,-157.9987389833,HI,HONOLULU,DD = SURVEY DISK,7 = SET IN TOP OF CONCRETE MONUMENT,19950807,GOOD,NOS,1.7
20260103,http://www.ngs.noaa.gov/cgi-bin/ds_mark.prl?PidBox=TU0199,TU0199,303,20.8091666667,-156.4280555556,HI,MAUI,X = CHISELED CROSS,36 = SET IN A MASSIVE STRUCTURE,19990723,MARK NOT FOUND,USPSQD,92.359
20260103,http://www.ngs.noaa.gov/cgi-bin/ds_mark.prl?PidBox=TU0237,TU0237,331,20.8857805556,-156.5044361111,HI,MAUI,DD = SURVEY DISK,32 = SET IN A RETAINING WALL OR CONCRETE LEDGE,20170207,GOOD,HIROTA,100.810
20260103,http://www.ngs.noaa.gov/cgi-bin/ds_mark.prl?PidBox=TU2405,TU2405,3314,19.3507681417,-155.2764423944,HI,HAWAII,DD = SURVEY DISK,66 = SET IN ROCK OUTCROP,1977,GOOD,NGS,1010.1
20260103,http://www.ngs.noaa.gov/cgi-bin/ds_mark.prl?PidBox=TU0690,TU0690,34,21.9891666667,-159.7269444444,HI,KAUAI,DD = SURVEY DISK,36 = SET IN A MASSIVE STRUCTURE,19980813,GOOD,USPSQD,10.125
20260103,http://www.ngs.noaa.gov/cgi-bin/ds_mark.prl?PidBox=TU2342,TU2342,3440,19.3714720222,-155.2053841222,HI,HAWAII,DD = SURVEY DISK,66 = SET IN ROCK OUTCROP,20080829,GOOD,GEOCAC,1048.0
20260103,http://www.ngs.noaa.gov/cgi-bin/ds_mark.prl?PidBox=TU2796,TU2796,35 M 6845,20.7724151861,-156.2448505111,HI,MAUI,,,1950,MONUMENTED,USGS,2087.34
20260103,http://www.ngs.noaa.gov/cgi-bin/ds_mark.prl?PidBox=TU0051,TU0051,359.3,19.6213888889,-155.0400000000,HI,HAWAII,DD = SURVEY DISK,66 = SET IN ROCK OUTCROP,1975,GOOD,NGS,109.522
20260103,http://www.ngs.noaa.gov/cgi-bin/ds_mark.prl?PidBox=TU1998,TU1998,3655,22.0806897639,-159.6664114111,HI,KAUAI,DD = SURVEY DISK,66 = SET IN ROCK OUTCROP,20190115,GOOD,MRIVER,1114.0
20260103,http://www.ngs.noaa.gov/cgi-bin/ds_mark.prl?PidBox=TU1431,TU1431,387,21.3473951917,-157.9656143250,HI,HONOLULU,DD = SURVEY DISK,36 = SET IN A MASSIVE STRUCTURE,20030709,GOOD,GEOCAC,3.
20260103,http://www.ngs.noaa.gov/cgi-bin/ds_mark.prl?PidBox=TU0100,TU0100,3973,19.4298033278,-155.2589537167,HI,HAWAII,DD = SURVEY DISK,35 = SET IN A MAT FOUNDATION OR CONCRETE SLAB OTHER THAN PAVEMENT,20240802,GOOD,INDIV,1211.6
20260103,http://www.ngs.noaa.gov/cgi-bin/ds_mark.prl?PidBox=TU0411,TU0411,4,21.3047222222,-157.8527777778,HI,HONOLULU,DD = SURVEY DISK,30 = SET IN A LIGHT STRUCTURE,1969,MARK NOT FOUND,CGS,7.162
20260103,http://www.ngs.noaa.gov/cgi-bin/ds_mark.prl?PidBox=TU0343,TU0343,4 1,21.3131396972,-157.6613097833,HI,HONOLULU,DE = TRAVERSE STATION DISK,66 = SET IN ROCK OUTCROP,20160226,GOOD,GEOCAC,15.095
20260103,http://www.ngs.noaa.gov/cgi-bin/ds_mark.prl?PidBox=TU0363,TU0363,4 10,21.3806014444,-157.7557103361,HI,HONOLULU,DD = SURVEY DISK,7 = SET IN TOP OF CONCRETE MONUMENT,20160214,GOOD,GEOCAC,37.650
20260103,http://www.ngs.noaa.gov/cgi-bin/ds_mark.prl?PidBox=TU0366,TU0366,4 11,21.3771138167,-157.7833664222,HI,HONOLULU,DD = SURVEY DISK,7 = SET IN TOP OF CONCRETE MONUMENT,20150721,GOOD,PAREN,97.832
20260103,http://www.ngs.noaa.gov/cgi-bin/ds_mark.prl?PidBox=TU0369,TU0369,4 19,21.4030015833,-157.7994197222,HI,HONOLULU,DD = SURVEY DISK,31 = SET IN A PAVEMENT SUCH AS STREET SIDEWALK CURB ETC.,20060315,SEE DESCRIPTION,HIDT,36.580
20260103,http://www.ngs.noaa.gov/cgi-bin/ds_mark.prl?PidBox=TU0351,TU0351,4 2,21.3301041083,-157.6915859111,HI,HONOLULU,DE = TRAVERSE STATION DISK,7 = SET IN TOP OF CONCRETE MONUMENT,20160207,GOOD,GEOCAC,4.817
20260103,http://www.ngs.noaa.gov/cgi-bin/ds_mark.prl?PidBox=TU0370,TU0370,4 23,21.4132948861,-157.8001054750,HI,HONOLULU,DD = SURVEY DISK,36 = SET IN A MASSIVE STRUCTURE,20060315,SEE DESCRIPTION,HIDT,19.644
20260103,http://www.ngs.noaa.gov/cgi-bin/ds_mark.prl?PidBox=TU1111,TU1111,4 24 GROUCHO,21.4130289250,-157.8223031972,HI,HONOLULU,DD = SURVEY DISK,7 = SET IN TOP OF CONCRETE MONUMENT,1975,GOOD,NGS,135.
20260103,http://www.ngs.noaa.gov/cgi-bin/ds_mark.prl?PidBox=TU0373,TU0373,4 26,21.4273878611,-157.8072555556,HI,HONOLULU,DD = SURVEY DISK,0 = UNSPECIFIED SETTING,20160216,GOOD,GEOCAC,25.114
20260103,http://www.ngs.noaa.gov/cgi-bin/ds_mark.prl?PidBox=TU0375,TU0375,4 27,21.4441410306,-157.8097814028,HI,HONOLULU,DD = SURVEY DISK,7 = SET IN TOP OF CONCRETE MONUMENT,20060315,SEE DESCRIPTION,HIDT,1.229
20260103,http://www.ngs.noaa.gov/cgi-bin/ds_mark.prl?PidBox=TU0383,TU0383,4 29,21.4956207917,-157.8517010722,HI,HONOLULU,DD = SURVEY DISK,7 = SET IN TOP OF CONCRETE MONUMENT,20060315,MARK NOT FOUND,HIDT,13.795
20260103,http://www.ngs.noaa.gov/cgi-bin/ds_mark.prl?PidBox=TU0479,TU0479,4 30,21.5226032361,-157.8351892278,HI,HONOLULU,DD = SURVEY DISK,7 = SET IN TOP OF CONCRETE MONUMENT,20060315,MARK NOT FOUND,HIDT,1.501
20260103,http://www.ngs.noaa.gov/cgi-bin/ds_mark.prl?PidBox=TU0379,TU0379,4 32,21.4597961139,-157.8413607194,HI,HONOLULU,DD = SURVEY DISK,31 = SET IN A PAVEMENT SUCH AS STREET SIDEWALK CURB ETC.,20150317,GOOD,GEOCAC,1.948
20260103,http://www.ngs.noaa.gov/cgi-bin/ds_mark.prl?PidBox=TU0355,TU0355,4 6 SS,21.3480191389,-157.7220491500,HI,HONOLULU,DD = SURVEY DISK,7 = SET IN TOP OF CONCRETE MONUMENT,20060624,SEE DESCRIPTION,HIDT,6.433
20260103,http://www.ngs.noaa.gov/cgi-bin/ds_mark.prl?PidBox=TU0880,TU0880,4 UHI,20.5833333333,-156.4122222222,HI,MAUI,DB = BENCH MARK DISK,34 = SET IN THE FOOTINGS OF SMALL/MEDIUM STRUCTURES,19790605,GOOD,NGS,11.297
20260103,http://www.ngs.noaa.gov/cgi-bin/ds_mark.prl?PidBox=TU2382,TU2382,4088,19.4210974722,-155.2867624333,HI,HAWAII,DB = BENCH MARK DISK,80 = SET IN A BOULDER,20110104,GOOD,GEOCAC,1246.8
20260103,http://www.ngs.noaa.gov/cgi-bin/ds_mark.prl?PidBox=TU2424,TU2424,4089,19.3652836222,-155.4208853889,HI,HAWAII,DD = SURVEY DISK,66 = SET IN ROCK OUTCROP,1949,GOOD,CGS,1246.90
20260103,http://www.ngs.noaa.gov/cgi-bin/ds_mark.prl?PidBox=TU0172,TU0172,5,20.8938888889,-156.4672222222,HI,MAUI,X = CHISELED CROSS,0 = UNSPECIFIED SETTING,19990725,MARK NOT FOUND,USPSQD,2.305
20260103,http://www.ngs.noaa.gov/cgi-bin/ds_mark.prl?PidBox=TU0412,TU0412,5,21.2997222222,-157.8441666667,HI,HONOLULU,Z = SEE DESCRIPTION,7 = SET IN TOP OF CONCRETE MONUMENT,20060315,GOOD,HIDT,5.635
20260103,http://www.ngs.noaa.gov/cgi-bin/ds_mark.prl?PidBox=TU0483,TU0483,5 1 A,21.5568888889,-157.8545000000,HI,HONOLULU,DD = SURVEY DISK,7 = SET IN TOP OF CONCRETE MONUMENT,20150723,GOOD,PAREN,4.324
20260103,http://www.ngs.noaa.gov/cgi-bin/ds_mark.prl?PidBox=TU0510,TU0510,5 10,21.6976544889,-157.9921244306,HI,HONOLULU,DD = SURVEY DISK,7 = SET IN TOP OF CONCRETE MONUMENT,20220425,MARK NOT FOUND,HIROTA,4.257
20260103,http://www.ngs.noaa.gov/cgi-bin/ds_mark.prl?PidBox=DR2259,DR2259,5 10 RESET,21.6976472222,-157.9916750000,HI,HONOLULU,DD = SURVEY DISK,7 = SET IN TOP OF CONCRETE MONUMENT,20220425,GOOD,HIROTA,3.724
20260103,http://www.ngs.noaa.gov/cgi-bin/ds_mark.prl?PidBox=TU0513,TU0513,5 11,21.6929938139,-158.0192607444,HI,HONOLULU,DB = BENCH MARK DISK,7 = SET IN TOP OF CONCRETE MONUMENT,20220425,GOOD,HIROTA,4.421
20260103,http://www.ngs.noaa.gov/cgi-bin/ds_mark.prl?PidBox=TU0515,TU0515,5 11 A,21.6877777778,-158.0222222222,HI,HONOLULU,DD = SURVEY DISK,7 = SET IN TOP OF CONCRETE MONUMENT,20220426,MARK NOT FOUND,HIROTA,7.487
20260103,http://www.ngs.noaa.gov/cgi-bin/ds_mark.prl?PidBox=TU0487,TU0487,5 2 A,21.5767777778,-157.8819166667,HI,HONOLULU,DD = SURVEY DISK,7 = SET IN TOP OF CONCRETE MONUMENT,20160220,GOOD,GEOCAC,1.399
20260103,http://www.ngs.noaa.gov/cgi-bin/ds_mark.prl?PidBox=TU0488,TU0488,5 3,21.5860243889,-157.8875780250,HI,HONOLULU,DD = SURVEY DISK,7 = SET IN TOP OF CONCRETE MONUMENT,20150814,GOOD,PAREN,1.936
20260103,http://www.ngs.noaa.gov/cgi-bin/ds_mark.prl?PidBox=TU0490,TU0490,5 4,21.6030592833,-157.8988851333,HI,HONOLULU,DD = SURVEY DISK,7 = SET IN TOP OF CONCRETE MONUMENT,20160220,GOOD,GEOCAC,2.283
20260103,http://www.ngs.noaa.gov/cgi-bin/ds_mark.prl?PidBox=TU0492,TU0492,5 5,21.6131631417,-157.9120454833,HI,HONOLULU,DD = SURVEY DISK,7 = SET IN TOP OF CONCRETE MONUMENT,20160220,GOOD,GEOCAC,2.280
20260103,http://www.ngs.noaa.gov/cgi-bin/ds_mark.prl?PidBox=TU0496,TU0496,5 6,21.6331777417,-157.9212640472,HI,HONOLULU,DD = SURVEY DISK,7 = SET IN TOP OF CONCRETE MONUMENT,20160220,GOOD,GEOCAC,3.501
20260103,http://www.ngs.noaa.gov/cgi-bin/ds_mark.prl?PidBox=TU0501,TU0501,5 7,21.6568680472,-157.9308553167,HI,HONOLULU,DD = SURVEY DISK,7 = SET IN TOP OF CONCRETE MONUMENT,20160220,POOR,GEOCAC,3.589
20260103,http://www.ngs.noaa.gov/cgi-bin/ds_mark.prl?PidBox=TU0506,TU0506,5 8,21.6763567806,-157.9474234722,HI,HONOLULU,DD = SURVEY DISK,7 = SET IN TOP OF CONCRETE MONUMENT,20060607,MARK NOT FOUND,HIDT,2.653
20260103,http://www.ngs.noaa.gov/cgi-bin/ds_mark.prl?PidBox=TU0508,TU0508,5 9 A,21.6900000000,-157.9677777778,HI,HONOLULU,DD = SURVEY DISK,7 = SET IN TOP OF CONCRETE MONUMENT,20060607,MARK NOT FOUND,HIDT,5.580
20260103,http://www.ngs.noaa.gov/cgi-bin/ds_mark.prl?PidBox=TU0507,TU0507,5 9 SS,21.6838256194,-157.9605529361,HI,HONOLULU,DD = SURVEY DISK,7 = SET IN TOP OF CONCRETE MONUMENT,20220425,GOOD,HIROTA,7.124
20260103,http://www.ngs.noaa.gov/cgi-bin/ds_mark.prl?PidBox=TU0029,TU0029,5.79,19.7259499917,-155.0711430444,HI,HAWAII,DD = SURVEY DISK,7 = SET IN TOP OF CONCRETE MONUMENT,20110624,GOOD,GEOCAC,1.721
20260103,http://www.ngs.noaa.gov/cgi-bin/ds_mark.prl?PidBox=TU0030,TU0030,5.83,19.7253916667,-155.0712166667,HI,HAWAII,DB = BENCH MARK DISK,32 = SET IN A RETAINING WALL OR CONCRETE LEDGE,20110624,GOOD,GEOCAC,1.804
20260103,http://www.ngs.noaa.gov/cgi-bin/ds_mark.prl?PidBox=TU2320,TU2320,51209 1977,19.8237525861,-155.4690716389,HI,HAWAII,DO = NOT SPECIFIED OR SEE DESCRIPTION,7 = SET IN TOP OF CONCRETE MONUMENT,20051010,GOOD,USPSQD,4198.0
20260103,http://www.ngs.noaa.gov/cgi-bin/ds_mark.prl?PidBox=TU0173,TU0173,6,20.8938888889,-156.4675000000,HI,MAUI,Z = SEE DESCRIPTION,36 = SET IN A MASSIVE STRUCTURE,1980,MARK NOT FOUND,LOCSUR,0.936
20260103,http://www.ngs.noaa.gov/cgi-bin/ds_mark.prl?PidBox=TU0415,TU0415,6,21.2950000000,-157.8247222222,HI,HONOLULU,DD = SURVEY DISK,7 = SET IN TOP OF CONCRETE MONUMENT,20060315,SEE DESCRIPTION,HIDT,3.259
20260103,http://www.ngs.noaa.gov/cgi-bin/ds_mark.prl?PidBox=TU0524,TU0524,6 1,21.6202396278,-158.0835380667,HI,HONOLULU,,,20181029,MARK NOT FOUND,INDIV,6.338
20260103,http://www.ngs.noaa.gov/cgi-bin/ds_mark.prl?PidBox=TU0523,TU0523,6 1 A,21.6265555556,-158.0745833333,HI,HONOLULU,DD = SURVEY DISK,7 = SET IN TOP OF CONCRETE MONUMENT,20160220,GOOD,GEOCAC,6.667
20260103,http://www.ngs.noaa.gov/cgi-bin/ds_mark.prl?PidBox=TU0541,TU0541,6 10,21.5619864111,-158.1131159000,HI,HONOLULU,DD = SURVEY DISK,7 = SET IN TOP OF CONCRETE MONUMENT,20150709,GOOD,HIROTA,21.437
20260103,http://www.ngs.noaa.gov/cgi-bin/ds_mark.prl?PidBox=DR2159,DR2159,6 10A,21.5663333333,-158.1225833333,HI,HONOLULU,DD = SURVEY DISK,7 = SET IN TOP OF CONCRETE MONUMENT,20150708,GOOD,HIROTA,5.702
20260103,http://www.ngs.noaa.gov/cgi-bin/ds_mark.prl?PidBox=TU0542,TU0542,6 11,21.5677109472,-158.1281593528,HI,HONOLULU,DD = SURVEY DISK,7 = SET IN TOP OF CONCRETE MONUMENT,20150708,GOOD,HIROTA,13.041
20260103,http://www.ngs.noaa.gov/cgi-bin/ds_mark.prl?PidBox=TU0555,TU0555,6 12 A,21.5786111111,-158.2244444444,HI,HONOLULU,DD = SURVEY DISK,7 = SET IN TOP OF CONCRETE MONUMENT,20060605,MARK NOT FOUND,HIDT,4.409
20260103,http://www.ngs.noaa.gov/cgi-bin/ds_mark.prl?PidBox=TU0561,TU0561,6 13,21.5789944750,-158.2511914833,HI,HONOLULU,DD = SURVEY DISK,80 = SET IN A BOULDER,20130516,GOOD,GEOCAC,12.614
20260103,http://www.ngs.noaa.gov/cgi-bin/ds_mark.prl?PidBox=TU0539,TU0539,6 14,21.5690000000,-158.1092500000,HI,HONOLULU,DD = SURVEY DISK,7 = SET IN TOP OF CONCRETE MONUMENT,20150723,GOOD,HIROTA,16.750
20260103,http://www.ngs.noaa.gov/cgi-bin/ds_mark.prl?PidBox=TU0537,TU0537,6 15,21.5758129361,-158.1063703167,HI,HONOLULU,DD = SURVEY DISK,7 = SET IN TOP OF CONCRETE MONUMENT,20150125,GOOD,GEOCAC,14.245
20260103,http://www.ngs.noaa.gov/cgi-bin/ds_mark.prl?PidBox=TU0538,TU0538,6 15 A,21.5730555556,-158.1075000000,HI,HONOLULU,DD = SURVEY DISK,0 = UNSPECIFIED SETTING,20060607,GOOD,HIDT,15.439
20260103,http://www.ngs.noaa.gov/cgi-bin/ds_mark.prl?PidBox=TU0529,TU0529,6 2,21.6114659500,-158.0925772806,HI,HONOLULU,DD = SURVEY DISK,7 = SET IN TOP OF CONCRETE MONUMENT,20160220,GOOD,GEOCAC,2.624
20260103,http://www.ngs.noaa.gov/cgi-bin/ds_mark.prl?PidBox=TU0531,TU0531,6 2 B,21.6003055556,-158.1017222222,HI,HONOLULU,DD = SURVEY DISK,7 = SET IN TOP OF CONCRETE MONUMENT,20150824,GOOD,PAREN,2.095
20260103,http://www.ngs.noaa.gov/cgi-bin/ds_mark.prl?PidBox=TU1518,TU1518,6 5,21.5611196528,-158.0686796472,HI,HONOLULU,DD = SURVEY DISK,7 = SET IN TOP OF CONCRETE MONUMENT,20150709,GOOD,HIROTA,197.823
20260103,http://www.ngs.noaa.gov/cgi-bin/ds_mark.prl?PidBox=TU1513,TU1513,6 6,21.5483368000,-158.0462180111,HI,HONOLULU,DD = SURVEY DISK,7 = SET IN TOP OF CONCRETE MONUMENT,20140427,POOR,GEOCAC,291.
20260103,http://www.ngs.noaa.gov/cgi-bin/ds_mark.prl?PidBox=TU1511,TU1511,6 7,21.5308595917,-158.0403717472,HI,HONOLULU,DD = SURVEY DISK,7 = SET IN TOP OF CONCRETE MONUMENT,1969,MONUMENTED,CGS,306.
20260103,http://www.ngs.noaa.gov/cgi-bin/ds_mark.prl?PidBox=DR2158,DR2158,6 7A,21.5246666667,-158.0383888889,HI,HONOLULU,DD = SURVEY DISK,7 = SET IN TOP OF CONCRETE MONUMENT,20150709,GOOD,HIROTA,296.820
20260103,http://www.ngs.noaa.gov/cgi-bin/ds_mark.prl?PidBox=TU0590,TU0590,6 8,21.5188387639,-158.0689127861,HI,HONOLULU,DD = SURVEY DISK,7 = SET IN TOP OF CONCRETE MONUMENT,20060607,MARK NOT FOUND,HIDT,289.655
20260103,http://www.ngs.noaa.gov/cgi-bin/ds_mark.prl?PidBox=TU0591,TU0591,6 9,21.5266489000,-158.0776062194,HI,HONOLULU,DD = SURVEY DISK,7 = SET IN TOP OF CONCRETE MONUMENT,20150709,GOOD,HIROTA,279.471
20260103,http://www.ngs.noaa.gov/cgi-bin/ds_mark.prl?PidBox=DR2147,DR2147,6 9E,21.5390000000,-158.0909166667,HI,HONOLULU,DD = SURVEY DISK,7 = SET IN TOP OF CONCRETE MONUMENT,20150708,GOOD,HIROTA,210.223
20260103,http://www.ngs.noaa.gov/cgi-bin/ds_mark.prl?PidBox=DR2148,DR2148,6 9G,21.5469444444,-158.1000000000,HI,HONOLULU,DD = SURVEY DISK,7 = SET IN TOP OF CONCRETE MONUMENT,20150708,GOOD,HIROTA,147.326
20260103,http://www.ngs.noaa.gov/cgi-bin/ds_mark.prl?PidBox=DR2150,DR2150,6 9J,21.5591666667,-158.1081944444,HI,HONOLULU,DD = SURVEY DISK,7 = SET IN TOP OF CONCRETE MONUMENT,20150708,GOOD,HIROTA,39.258
20260103,http://www.ngs.noaa.gov/cgi-bin/ds_mark.prl?PidBox=TU1573,TU1573,60 A,21.5474658972,-158.2405617917,HI,HONOLULU,DD = SURVEY DISK,7 = SET IN TOP OF CONCRETE MONUMENT,20160311,GOOD,GEOCAC,5.890
20260103,http://www.ngs.noaa.gov/cgi-bin/ds_mark.prl?PidBox=TU0314,TU0314,7,21.2705555556,-157.8225000000,HI,HONOLULU,DD = SURVEY DISK,31 = SET IN A PAVEMENT SUCH AS STREET SIDEWALK CURB ETC.,20030722,MARK NOT FOUND,USPSQD,2.344
20260103,http://www.ngs.noaa.gov/cgi-bin/ds_mark.prl?PidBox=TU0417,TU0417,7,21.2900000000,-157.8194444444,HI,HONOLULU,Z = SEE DESCRIPTION,30 = SET IN A LIGHT STRUCTURE,20060315,SEE DESCRIPTION,HIDT,8.660
20260103,http://www.ngs.noaa.gov/cgi-bin/ds_mark.prl?PidBox=TU0655,TU0655,7 1,21.4872984833,-158.0280748250,HI,HONOLULU,DD = SURVEY DISK,7 = SET IN TOP OF CONCRETE MONUMENT,20060607,MARK NOT FOUND,HIDT,259.888
20260103,http://www.ngs.noaa.gov/cgi-bin/ds_mark.prl?PidBox=TU0192,TU0192,7 RESET,20.7816666667,-156.4625000000,HI,MAUI,B = BOLT,31 = SET IN A PAVEMENT SUCH AS STREET SIDEWALK CURB ETC.,20121003,MARK NOT FOUND,INDIV,2.169
20260103,http://www.ngs.noaa.gov/cgi-bin/ds_mark.prl?PidBox=TU1637,TU1637,7289V5 1967,21.3740527278,-158.0993973611,HI,HONOLULU,Z = SEE DESCRIPTION,0 = UNSPECIFIED SETTING,1967,MONUMENTED,CGS,511.3
20260103,http://www.ngs.noaa.gov/cgi-bin/ds_mark.prl?PidBox=TU0422,TU0422,8,21.2819444444,-157.7977777778,HI,HONOLULU,Z = SEE DESCRIPTION,30 = SET IN A LIGHT STRUCTURE,19990422,MARK NOT FOUND,USPSQD,54.524
20260103,http://www.ngs.noaa.gov/cgi-bin/ds_mark.prl?PidBox=TU0570,TU0570,8 1,21.5652341639,-158.2633337333,HI,HONOLULU,DD = SURVEY DISK,66 = SET IN ROCK OUTCROP,20140330,GOOD,GEOCAC,13.736
20260103,http://www.ngs.noaa.gov/cgi-bin/ds_mark.prl?PidBox=TU0575,TU0575,8 10,21.5288600806,-158.2275550083,HI,HONOLULU,DD = SURVEY DISK,7 = SET IN TOP OF CONCRETE MONUMENT,20060607,MARK NOT FOUND,HIDT,5.276
20260103,http://www.ngs.noaa.gov/cgi-bin/ds_mark.prl?PidBox=TU0573,TU0573,8 3,21.5457236194,-158.2401322917,HI,HONOLULU,DD = SURVEY DISK,66 = SET IN ROCK OUTCROP,20140119,GOOD,GEOCAC,8.144
20260103,http://www.ngs.noaa.gov/cgi-bin/ds_mark.prl?PidBox=TU0605,TU0605,8 4,21.4408326528,-158.1907189278,HI,HONOLULU,DD = SURVEY DISK,7 = SET IN TOP OF CONCRETE MONUMENT,20130818,GOOD,GEOCAC,3.415
20260103,http://www.ngs.noaa.gov/cgi-bin/ds_mark.prl?PidBox=TU0610,TU0610,8 7,21.4154186861,-158.1768541028,HI,HONOLULU,DD = SURVEY DISK,7 = SET IN TOP OF CONCRETE MONUMENT,20060607,MARK NOT FOUND,HIDT,3.771
20260103,http://www.ngs.noaa.gov/cgi-bin/ds_mark.prl?PidBox=TU0611,TU0611,8 7 A,21.4128608306,-158.1764057722,HI,HONOLULU,DD = SURVEY DISK,7 = SET IN TOP OF CONCRETE MONUMENT,20170626,GOOD,GPSHI,3.673
20260103,http://www.ngs.noaa.gov/cgi-bin/ds_mark.prl?PidBox=TU0614,TU0614,8 8 SS,21.3919824806,-158.1578625667,HI,HONOLULU,DD = SURVEY DISK,36 = SET IN A MASSIVE STRUCTURE,20060607,MARK NOT FOUND,HIDT,2.628
20260103,http://www.ngs.noaa.gov/cgi-bin/ds_mark.prl?PidBox=TU0617,TU0617,8 9,21.3694343417,-158.1374379639,HI,HONOLULU,DD = SURVEY DISK,7 = SET IN TOP OF CONCRETE MONUMENT,20160311,GOOD,GEOCAC,3.632
20260103,http://www.ngs.noaa.gov/cgi-bin/ds_mark.prl?PidBox=TU0286,TU0286,8.06,21.3051782778,-157.8639910083,HI,HONOLULU,DB = BENCH MARK DISK,32 = SET IN A RETAINING WALL OR CONCRETE LEDGE,20150710,GOOD,HIROTA,2.342
20260103,http://www.ngs.noaa.gov/cgi-bin/ds_mark.prl?PidBox=TU0032,TU0032,8.82,19.7268888889,-155.0862222222,HI,HAWAII,DD = SURVEY DISK,36 = SET IN A MASSIVE STRUCTURE,20240719,GOOD,INDIV,2.705
20260103,http://www.ngs.noaa.gov/cgi-bin/ds_mark.prl?PidBox=TU3179,TU3179,855,20.5412979333,-156.6439665167,HI,MAUI,Z = SEE DESCRIPTION,0 = UNSPECIFIED SETTING,1963,MONUMENTED,USGS,259.0
20260103,http://www.ngs.noaa.gov/cgi-bin/ds_mark.prl?PidBox=TU0433,TU0433,9,21.2794444444,-157.7913888889,HI,HONOLULU,Q = CHISELED SQUARE,30 = SET IN A LIGHT STRUCTURE,1969,GOOD,CGS,33.497
20260103,http://www.ngs.noaa.gov/cgi-bin/ds_mark.prl?PidBox=TU0618,TU0618,9 1,21.3609034444,-158.1316090389,HI,HONOLULU,DD = SURVEY DISK,31 = SET IN A PAVEMENT SUCH AS STREET SIDEWALK CURB ETC.,20060607,MARK NOT FOUND,HIDT,9.017
20260103,http://www.ngs.noaa.gov/cgi-bin/ds_mark.prl?PidBox=TU0647,TU0647,9 17,21.4419878639,-158.0128025639,HI,HONOLULU,DD = SURVEY DISK,7 = SET IN TOP OF CONCRETE MONUMENT,20060607,MARK NOT FOUND,HIDT,178.902
20260103,http://www.ngs.noaa.gov/cgi-bin/ds_mark.prl?PidBox=TU0643,TU0643,9 18,21.4207257639,-158.0065446611,HI,HONOLULU,DD = SURVEY DISK,7 = SET IN TOP OF CONCRETE MONUMENT,20040327,MARK NOT FOUND,GEOCAC,127.990
20260103,http://www.ngs.noaa.gov/cgi-bin/ds_mark.prl?PidBox=TU0257,TU0257,9 25,21.3398161111,-157.9300460806,HI,HONOLULU,DD = SURVEY DISK,7 = SET IN TOP OF CONCRETE MONUMENT,20060315,SEE DESCRIPTION,HIDT,7.454
20260103,http://www.ngs.noaa.gov/cgi-bin/ds_mark.prl?PidBox=TU0250,TU0250,9 26 RESET,21.3866722222,-157.9529833333,HI,HONOLULU,DD = SURVEY DISK,31 = SET IN A PAVEMENT SUCH AS STREET SIDEWALK CURB ETC.,20130809,GOOD,GEOCAC,3.69
20260103,http://www.ngs.noaa.gov/cgi-bin/ds_mark.prl?PidBox=TU0624,TU0624,9 3,21.3319018917,-158.0894065694,HI,HONOLULU,DD = SURVEY DISK,38 = SET IN THE ABUTMENT OR PIER OF A LARGE BRIDGE,20150713,GOOD,HIROTA,30.775
20260103,http://www.ngs.noaa.gov/cgi-bin/ds_mark.prl?PidBox=TU0638,TU0638,9 4,21.3763577639,-158.0261829444,HI,HONOLULU,DD = SURVEY DISK,7 = SET IN TOP OF CONCRETE MONUMENT,20060607,MARK NOT FOUND,HIDT,18.202
20260103,http://www.ngs.noaa.gov/cgi-bin/ds_mark.prl?PidBox=TU0635,TU0635,9 8,21.3534401917,-158.0284748667,HI,HONOLULU,DD = SURVEY DISK,7 = SET IN TOP OF CONCRETE MONUMENT,20060607,MARK NOT FOUND,HIDT,16.933
20260103,http://www.ngs.noaa.gov/cgi-bin/ds_mark.prl?PidBox=DI2800,DI2800,94 300,21.3804224722,-158.0186490722,HI,HONOLULU,DD = SURVEY DISK,4 = OBJECT SURROUNDED BY MASS OF CONCRETE,20060615,MONUMENTED,HIDT,12.79
20260103,http://www.ngs.noaa.gov/cgi-bin/ds_mark.prl?PidBox=DR8953,DR8953,98-408,21.3855120444,-157.9570293917,HI,HONOLULU,DD = SURVEY DISK,31 = SET IN A PAVEMENT SUCH AS STREET SIDEWALK CURB ETC.,20220923,GOOD,STANTI,2.4
20260103,http://www.ngs.noaa.gov/cgi-bin/ds_mark.prl?PidBox=TU0680,TU0680,9=161 1401 TIDAL 4,21.9558333333,-159.6677777778,HI,KAUAI,DD = SURVEY DISK,7 = SET IN TOP OF CONCRETE MONUMENT,19980811,MARK NOT FOUND,USPSQD,2.728
20260103,http://www.ngs.noaa.gov/cgi-bin/ds_mark.prl?PidBox=TU0430,TU0430,A,21.2973333333,-157.7855000000,HI,HONOLULU,Z = SEE DESCRIPTION,0 = UNSPECIFIED SETTING,20140406,GOOD,GEOCAC,318.013
20260103,http://www.ngs.noaa.gov/cgi-bin/ds_mark.prl?PidBox=TU1768,TU1768,A,21.9273450861,-159.3743410306,HI,KAUAI,02 = CONSPICUOUS ROCK,,1965,GOOD,CGS,
20260103,http://www.ngs.noaa.gov/cgi-bin/ds_mark.prl?PidBox=TU3410,TU3410,A,21.0810639361,-157.0290089500,HI,MAUI,,,1962,MARK NOT FOUND,CGS,
20260103,http://www.ngs.noaa.gov/cgi-bin/ds_mark.prl?PidBox=TU0144,TU0144,A 1,19.4776388889,-155.6052777778,HI,HAWAII,DB = BENCH MARK DISK,66 = SET IN ROCK OUTCROP,1975,GOOD,NGS,4160.703
20260103,http://www.ngs.noaa.gov/cgi-bin/ds_mark.prl?PidBox=TU0271,TU0271,A 10,21.3275000000,-157.8627777778,HI,HONOLULU,DB = BENCH MARK DISK,30 = SET IN A LIGHT STRUCTURE,20060315,SEE DESCRIPTION,HIDT,13.909
20260103,http://www.ngs.noaa.gov/cgi-bin/ds_mark.prl?PidBox=TU0025,TU0025,A 100,19.7226687389,-155.0639716083,HI,HAWAII,DB = BENCH MARK DISK,7 = SET IN TOP OF CONCRETE MONUMENT,20130104,GOOD,FAMM,3.481
20260103,http://www.ngs.noaa.gov/cgi-bin/ds_mark.prl?PidBox=TU0410,TU0410,A 11,21.3054833333,-157.8535777778,HI,HONOLULU,DB = BENCH MARK DISK,36 = SET IN A MASSIVE STRUCTURE,20150713,GOOD,HIROTA,4.371
20260103,http://www.ngs.noaa.gov/cgi-bin/ds_mark.prl?PidBox=AA6428,AA6428,A 111,21.3208842306,-157.9087504528,HI,HONOLULU,Z = SEE DESCRIPTION,7 = SET IN TOP OF CONCRETE MONUMENT,20201014,GOOD,HIROTA,2.093
20260103,http://www.ngs.noaa.gov/cgi-bin/ds_mark.prl?PidBox=TU0315,TU0315,A 12,21.2613611111,-157.8196666667,HI,HONOLULU,DB = BENCH MARK DISK,30 = SET IN A LIGHT STRUCTURE,20121222,GOOD,GEOCAC,3.116
20260103,http://www.ngs.noaa.gov/cgi-bin/ds_mark.prl?PidBox=TU0276,TU0276,A 13,21.3216944444,-157.8601111111,HI,HONOLULU,DB = BENCH MARK DISK,31 = SET IN A PAVEMENT SUCH AS STREET SIDEWALK CURB ETC.,20160530,GOOD,CGS,15.105
20260103,http://www.ngs.noaa.gov/cgi-bin/ds_mark.prl?PidBox=TU0615,TU0615,A 14,21.3825000000,-158.1468611111,HI,HONOLULU,DB = BENCH MARK DISK,32 = SET IN A RETAINING WALL OR CONCRETE LEDGE,20060607,SEE DESCRIPTION,HIDT,5.058
20260103,http://www.ngs.noaa.gov/cgi-bin/ds_mark.prl?PidBox=TU0367,TU0367,A 16,21.3856359306,-157.7913174306,HI,HONOLULU,DB = BENCH MARK DISK,38 = SET IN THE ABUTMENT OR PIER OF A LARGE BRIDGE,20160227,GOOD,GEOCAC,69.601
20260103,http://www.ngs.noaa.gov/cgi-bin/ds_mark.prl?PidBox=TU0262,TU0262,A 19,21.3433333333,-157.8794444444,HI,HONOLULU,DV = VERTICAL CONTROL DISK,36 = SET IN A MASSIVE STRUCTURE,20080212,POOR,USACE,32.772
20260103,http://www.ngs.noaa.gov/cgi-bin/ds_mark.prl?PidBox=TU0045,TU0045,A 2,19.6455555556,-155.0483333333,HI,HAWAII,DB = BENCH MARK DISK,66 = SET IN ROCK OUTCROP,1975,GOOD,NGS,84.620
20260103,http://www.ngs.noaa.gov/cgi-bin/ds_mark.prl?PidBox=TU0027,TU0027,A 20,19.7225000000,-155.0700000000,HI,HAWAII,DV = VERTICAL CONTROL DISK,31 = SET IN A PAVEMENT SUCH AS STREET SIDEWALK CURB ETC.,20110624,MARK NOT FOUND,GEOCAC,4.011
20260103,http://www.ngs.noaa.gov/cgi-bin/ds_mark.prl?PidBox=TU0145,TU0145,A 21,19.4756111111,-155.6056388889,HI,HAWAII,DV = VERTICAL CONTROL DISK,66 = SET IN ROCK OUTCROP,20170424,GOOD,GEOCAC,4169.364
20260103,http://www.ngs.noaa.gov/cgi-bin/ds_mark.prl?PidBox=TU0139,TU0139,A 22,19.4920000000,-155.5915277778,HI,HAWAII,DV = VERTICAL CONTROL DISK,66 = SET IN ROCK OUTCROP,1975,MONUMENTED,NGS,4021.828
20260103,http://www.ngs.noaa.gov/cgi-bin/ds_mark.prl?PidBox=TU0879,TU0879,A 23,20.6119444444,-156.4311111111,HI,MAUI,DV = VERTICAL CONTROL DISK,66 = SET IN ROCK OUTCROP,20080217,GOOD,JCLS,14.470
20260103,http://www.ngs.noaa.gov/cgi-bin/ds_mark.prl?PidBox=TU0914,TU0914,A 24,20.8408333333,-156.3430555556,HI,MAUI,DV = VERTICAL CONTROL DISK,66 = SET IN ROCK OUTCROP,1979,MONUMENTED,NGS,411.623
20260103,http://www.ngs.noaa.gov/cgi-bin/ds_mark.prl?PidBox=TU0436,TU0436,A 5 RESET,21.2733611111,-157.8161111111,HI,HONOLULU,DB = BENCH MARK DISK,31 = SET IN A PAVEMENT SUCH AS STREET SIDEWALK CURB ETC.,20060315,GOOD,HIDT,2.532
20260103,http://www.ngs.noaa.gov/cgi-bin/ds_mark.prl?PidBox=TU0201,TU0201,A 6,20.8247222222,-156.4061111111,HI,MAUI,DB = BENCH MARK DISK,7 = SET IN TOP OF CONCRETE MONUMENT,19970619,GOOD,USPSQD,137.672
20260103,http://www.ngs.noaa.gov/cgi-bin/ds_mark.prl?PidBox=TU2390,TU2390,AA,19.3801144889,-155.3268495917,HI,HAWAII,DD = SURVEY DISK,65 = SET IN UNSPECIFIED ROCK OR BOULDER,1967,GOOD,CGS,1020.73
20260103,http://www.ngs.noaa.gov/cgi-bin/ds_mark.prl?PidBox=TU2299,TU2299,AAHUWELA RESET,19.7836205139,-155.3650695611,HI,HAWAII,B = BOLT,7 = SET IN TOP OF CONCRETE MONUMENT,1977,GOOD,NGS,2359.0
20260103,http://www.ngs.noaa.gov/cgi-bin/ds_mark.prl?PidBox=TU2923,TU2923,ABE,20.6797174528,-156.4448171361,HI,MAUI,W = UNMONUMENTED,,1968,MARK NOT FOUND,CGS,6.
20260103,http://www.ngs.noaa.gov/cgi-bin/ds_mark.prl?PidBox=TU0804,TU0804,ACQAU BORESIGHT,22.1133333333,-159.6697222222,HI,KAUAI,Z = SEE DESCRIPTION,30 = SET IN A LIGHT STRUCTURE,1964,GOOD,CGS,1146.567
20260103,http://www.ngs.noaa.gov/cgi-bin/ds_mark.prl?PidBox=TU0838,TU0838,ADOBE,22.1333143556,-159.7274715861,HI,KAUAI,DS = TRIANGULATION STATION DISK,7 = SET IN TOP OF CONCRETE MONUMENT,1967,GOOD,CGS,468.280
20260103,http://www.ngs.noaa.gov/cgi-bin/ds_mark.prl?PidBox=TU0837,TU0837,ADOBE RM 1,22.1333361111,-159.7272777778,HI,KAUAI,DR = REFERENCE MARK DISK,30 = SET IN A LIGHT STRUCTURE,1967,MONUMENTED,CGS,469.273
20260103,http://www.ngs.noaa.gov/cgi-bin/ds_mark.prl?PidBox=TU1133,TU1133,AERO OBSTRUCTION LT A,21.4227645750,-157.7569157861,HI,HONOLULU,14 = NAVIGATION LIGHT,,UNK,FIRST OBSERVED,,
20260103,http://www.ngs.noaa.gov/cgi-bin/ds_mark.prl?PidBox=TU1134,TU1134,AERO OBSTRUCTION LT AA,21.4263144806,-157.7591740528,HI,HONOLULU,14 = NAVIGATION LIGHT,,UNK,FIRST OBSERVED,,
20260103,http://www.ngs.noaa.gov/cgi-bin/ds_mark.prl?PidBox=TU1139,TU1139,AERO OBSTRUCTION LT C,21.4098896944,-157.7657663222,HI,HONOLULU,14 = NAVIGATION LIGHT,,UNK,FIRST OBSERVED,,
20260103,http://www.ngs.noaa.gov/cgi-bin/ds_mark.prl?PidBox=TU1142,TU1142,AERO OBSTRUCTION LT D,21.4045646806,-157.7721636056,HI,HONOLULU,14 = NAVIGATION LIGHT,,UNK,FIRST OBSERVED,,
20260103,http://www.ngs.noaa.gov/cgi-bin/ds_mark.prl?PidBox=TU1145,TU1145,AERO OBSTRUCTION LT E,21.4034012583,-157.7781966861,HI,HONOLULU,14 = NAVIGATION LIGHT,,UNK,FIRST OBSERVED,,
20260103,http://www.ngs.noaa.gov/cgi-bin/ds_mark.prl?PidBox=TU1147,TU1147,AERO OBSTRUCTION LT O,21.4334133028,-157.7878326389,HI,HONOLULU,14 = NAVIGATION LIGHT,,UNK,FIRST OBSERVED,,
20260103,http://www.ngs.noaa.gov/cgi-bin/ds_mark.prl?PidBox=TU1149,TU1149,AERO OBSTRUCTION LT G,21.4273658250,-157.7931073139,HI,HONOLULU,14 = NAVIGATION LIGHT,,UNK,FIRST OBSERVED,,
20260103,http://www.ngs.noaa.gov/cgi-bin/ds_mark.prl?PidBox=TU1153,TU1153,AERO OBSTRUCTION LT J,21.4396429778,-157.8129767944,HI,HONOLULU,14 = NAVIGATION LIGHT,,UNK,FIRST OBSERVED,,
20260103,http://www.ngs.noaa.gov/cgi-bin/ds_mark.prl?PidBox=TU1154,TU1154,AERO OBSTRUCTION LT M,21.4508796806,-157.8170653833,HI,HONOLULU,14 = NAVIGATION LIGHT,,UNK,FIRST OBSERVED,,
20260103,http://www.ngs.noaa.gov/cgi-bin/ds_mark.prl?PidBox=TU1155,TU1155,AERO OBSTRUCTION LT L,21.4492703778,-157.8189512806,HI,HONOLULU,14 = NAVIGATION LIGHT,,UNK,FIRST OBSERVED,,
20260103,http://www.ngs.noaa.gov/cgi-bin/ds_mark.prl?PidBox=TU1156,TU1156,AERO OBSTRUCTION LT K,21.4465423639,-157.8202552722,HI,HONOLULU,14 = NAVIGATION LIGHT,,UNK,FIRST OBSERVED,,
20260103,http://www.ngs.noaa.gov/cgi-bin/ds_mark.prl?PidBox=TU1157,TU1157,AERO OBSTRUCTION LT I,21.4450864639,-157.8226696139,HI,HONOLULU,14 = NAVIGATION LIGHT,,UNK,FIRST OBSERVED,,
20260103,http://www.ngs.noaa.gov/cgi-bin/ds_mark.prl?PidBox=TU1158,TU1158,AERO OBSTRUCTION LT P,21.4470685167,-157.8250045278,HI,HONOLULU,14 = NAVIGATION LIGHT,,UNK,FIRST OBSERVED,,
20260103,http://www.ngs.noaa.gov/cgi-bin/ds_mark.prl?PidBox=TU1159,TU1159,AERO OBSTRUCTION LT Q,21.4492161028,-157.8283276917,HI,HONOLULU,14 = NAVIGATION LIGHT,,UNK,FIRST OBSERVED,,
20260103,http://www.ngs.noaa.gov/cgi-bin/ds_mark.prl?PidBox=TU1160,TU1160,AERO OBSTRUCTION LT R,21.4519234778,-157.8301534667,HI,HONOLULU,14 = NAVIGATION LIGHT,,UNK,FIRST OBSERVED,,
20260103,http://www.ngs.noaa.gov/cgi-bin/ds_mark.prl?PidBox=TU1161,TU1161,AERO OBSTRUCTION LT S,21.4535079306,-157.8308940000,HI,HONOLULU,14 = NAVIGATION LIGHT,,UNK,FIRST OBSERVED,,
20260103,http://www.ngs.noaa.gov/cgi-bin/ds_mark.prl?PidBox=TU1165,TU1165,AERO OBSTRUCTION LT N,21.4226009417,-157.7935665194,HI,HONOLULU,14 = NAVIGATION LIGHT,,UNK,FIRST OBSERVED,,
20260103,http://www.ngs.noaa.gov/cgi-bin/ds_mark.prl?PidBox=TU0729,TU0729,AGAVE ANTENNA 327801 MK,22.0269444444,-159.7836111111,HI,KAUAI,DB = BENCH MARK DISK,30 = SET IN A LIGHT STRUCTURE,1965,MONUMENTED,CGS,4.376
20260103,http://www.ngs.noaa.gov/cgi-bin/ds_mark.prl?PidBox=TU0730,TU0730,AGAVE ANTENNA 327801 AXIS,22.0269444444,-159.7836111111,HI,KAUAI,Z = SEE DESCRIPTION,36 = SET IN A MASSIVE STRUCTURE,1965,GOOD,CGS,14.859
20260103,http://www.ngs.noaa.gov/cgi-bin/ds_mark.prl?PidBox=TU0731,TU0731,AGAVE BORESIGHT TARGET,22.0269444444,-159.7836111111,HI,KAUAI,Z = SEE DESCRIPTION,30 = SET IN A LIGHT STRUCTURE,1965,GOOD,CGS,25.355
20260103,http://www.ngs.noaa.gov/cgi-bin/ds_mark.prl?PidBox=TU3320,TU3320,AHAINO RESET,21.0940927417,-156.7985258083,HI,MAUI,DD = SURVEY DISK,7 = SET IN TOP OF CONCRETE MONUMENT,1962,GOOD,CGS,510.
20260103,http://www.ngs.noaa.gov/cgi-bin/ds_mark.prl?PidBox=DL6068,DL6068,AHIU,20.8965121444,-156.4780296056,HI,MAUI,DD = SURVEY DISK,4 = OBJECT SURROUNDED BY MASS OF CONCRETE,20170406,GOOD,HIROTA,2.518
20260103,http://www.ngs.noaa.gov/cgi-bin/ds_mark.prl?PidBox=TU2377,TU2377,AHUA KAMOKUKOLAU,19.3791744667,-155.2660813889,HI,HAWAII,DS = TRIANGULATION STATION DISK,66 = SET IN ROCK OUTCROP,1967,GOOD,CGS,1084.11
20260103,http://www.ngs.noaa.gov/cgi-bin/ds_mark.prl?PidBox=TU1444,TU1444,AHUA OVERPASS,21.3442388861,-157.8929211889,HI,HONOLULU,,,1971,MONUMENTED,HIDT,8.
20260103,http://www.ngs.noaa.gov/cgi-bin/ds_mark.prl?PidBox=TU1744,TU1744,AHUKINI LIGHT,21.9938996333,-159.3323174000,HI,KAUAI,14 = NAVIGATION LIGHT,,20080129,GOOD,GEOCAC,
20260103,http://www.ngs.noaa.gov/cgi-bin/ds_mark.prl?PidBox=TU2550,TU2550,AHUMOA RESET,19.8091812000,-155.6113033333,HI,HAWAII,Z = SEE DESCRIPTION,31 = SET IN A PAVEMENT SUCH AS STREET SIDEWALK CURB ETC.,1967,GOOD,CGS,2146.4
20260103,http://www.ngs.noaa.gov/cgi-bin/ds_mark.prl?PidBox=TU2967,TU2967,AHUPAI,20.8445105972,-156.3372816444,HI,MAUI,DS = TRIANGULATION STATION DISK,7 = SET IN TOP OF CONCRETE MONUMENT,20110615,POOR,GPSHI,448.2
20260103,http://www.ngs.noaa.gov/cgi-bin/ds_mark.prl?PidBox=TU2828,TU2828,AHUULA,20.6679551889,-156.0626828556,HI,MAUI,DS = TRIANGULATION STATION DISK,66 = SET IN ROCK OUTCROP,1969,GOOD,CGS,354.1
20260103,http://www.ngs.noaa.gov/cgi-bin/ds_mark.prl?PidBox=TU3153,TU3153,AID,20.5654531389,-156.6187068417,HI,MAUI,W = UNMONUMENTED,0 = UNSPECIFIED SETTING,1963,MARK NOT FOUND,CGS,131.
20260103,http://www.ngs.noaa.gov/cgi-bin/ds_mark.prl?PidBox=TU1452,TU1452,AIEA,21.3934573472,-157.9358470278,HI,HONOLULU,DO = NOT SPECIFIED OR SEE DESCRIPTION,7 = SET IN TOP OF CONCRETE MONUMENT,20120507,GOOD,GEOCAC,81.2
20260103,http://www.ngs.noaa.gov/cgi-bin/ds_mark.prl?PidBox=TU1660,TU1660,AIR,21.3156627056,-158.0622755778,HI,HONOLULU,Z = SEE DESCRIPTION,0 = UNSPECIFIED SETTING,1969,MONUMENTED,CGS,10.2
20260103,http://www.ngs.noaa.gov/cgi-bin/ds_mark.prl?PidBox=TU1405,TU1405,AIRPORT,21.3218098972,-157.9267455222,HI,HONOLULU,DS = TRIANGULATION STATION DISK,7 = SET IN TOP OF CONCRETE MONUMENT,20130502,GOOD,HIROTA,2.49
20260103,http://www.ngs.noaa.gov/cgi-bin/ds_mark.prl?PidBox=DN6363,DN6363,AIRPORT 15 A3,21.3362282000,-157.9231663444,HI,HONOLULU,DD = SURVEY DISK,36 = SET IN A MASSIVE STRUCTURE,20161203,GOOD,HIDT,6.645
20260103,http://www.ngs.noaa.gov/cgi-bin/ds_mark.prl?PidBox=TU3388,TU3388,AIRPORT RP,21.1527720000,-157.0963431861,HI,MAUI,DS = TRIANGULATION STATION DISK,9 = POST (STONE OR PRECAST CONCRETE),20220830,SEE DESCRIPTION,HIROTA,134.4
20260103,http://www.ngs.noaa.gov/cgi-bin/ds_mark.prl?PidBox=TU3208,TU3208,AK CAIRN,20.7662067583,-156.8320143250,HI,MAUI,72 = CAIRN,,1962,GOOD,CGS,
20260103,http://www.ngs.noaa.gov/cgi-bin/ds_mark.prl?PidBox=TU2611,TU2611,AKAHIPUU RESET,19.7519152861,-155.9698027611,HI,HAWAII,DS = TRIANGULATION STATION DISK,66 = SET IN ROCK OUTCROP,1967,GOOD,CGS,680.
20260103,http://www.ngs.noaa.gov/cgi-bin/ds_mark.prl?PidBox=TU1195,TU1195,AKAKA,21.3196187694,-157.8011779833,HI,HONOLULU,DD = SURVEY DISK,17 = SET INTO TOP OF METAL PIPE DRIVEN INTO GROUND,19990721,GOOD,USPSQD,99.
20260103,http://www.ngs.noaa.gov/cgi-bin/ds_mark.prl?PidBox=TU2449,TU2449,AKIHI,19.0913223083,-155.6783542944,HI,HAWAII,H = DRILL HOLE,80 = SET IN A BOULDER,20111012,GOOD,CPS,912.0
20260103,http://www.ngs.noaa.gov/cgi-bin/ds_mark.prl?PidBox=TU2693,TU2693,AKOKOA,20.2195519444,-155.7314448194,HI,HAWAII,Z = SEE DESCRIPTION,7 = SET IN TOP OF CONCRETE MONUMENT,1967,GOOD,CGS,28.
20260103,http://www.ngs.noaa.gov/cgi-bin/ds_mark.prl?PidBox=DL6336,DL6336,AKOLEA,19.7121194806,-155.1334081250,HI,HAWAII,DD = SURVEY DISK,0 = UNSPECIFIED SETTING,20091102,MONUMENTED,USACE,257.9
20260103,http://www.ngs.noaa.gov/cgi-bin/ds_mark.prl?PidBox=TU1776,TU1776,AL,21.8816931639,-159.4218039444,HI,KAUAI,,,19980813,MARK NOT FOUND,USPSQD,
20260103,http://www.ngs.noaa.gov/cgi-bin/ds_mark.prl?PidBox=TU2849,TU2849,ALAEA 1877,20.7384428278,-156.1429595444,HI,MAUI,,,1877,MONUMENTED,HIGS,2329.
20260103,http://www.ngs.noaa.gov/cgi-bin/ds_mark.prl?PidBox=TU2148,TU2148,ALALA RESET=758,19.8355138778,-155.1090767389,HI,HAWAII,DD = SURVEY DISK,7 = SET IN TOP OF CONCRETE MONUMENT,1977,GOOD,NGS,231.3
20260103,http://www.ngs.noaa.gov/cgi-bin/ds_mark.prl?PidBox=TU2767,TU2767,ALAU FLAG 2 1950,20.7281821167,-155.9778303111,HI,MAUI,DO = NOT SPECIFIED OR SEE DESCRIPTION,80 = SET IN A BOULDER,1950,MONUMENTED,CGS,45.
20260103,http://www.ngs.noaa.gov/cgi-bin/ds_mark.prl?PidBox=TU1571,TU1571,ALEI,21.5731691361,-158.2391367917,HI,HONOLULU,DS = TRIANGULATION STATION DISK,80 = SET IN A BOULDER,1964,GOOD,CGS,329.
20260103,http://www.ngs.noaa.gov/cgi-bin/ds_mark.prl?PidBox=TU1791,TU1791,ALEX,21.9539103167,-159.5237325028,HI,KAUAI,Z = SEE DESCRIPTION,0 = UNSPECIFIED SETTING,20050926,MARK NOT FOUND,USPSQD,527.1
20260103,http://www.ngs.noaa.gov/cgi-bin/ds_mark.prl?PidBox=TU1792,TU1792,ALEX 1968 AZ MK,21.9570483528,-159.5258347111,HI,KAUAI,Z = SEE DESCRIPTION,0 = UNSPECIFIED SETTING,20050926,MARK NOT FOUND,USPSQD,488.5
20260103,http://www.ngs.noaa.gov/cgi-bin/ds_mark.prl?PidBox=TU2149,TU2149,ALIA POINT LIGHT PEPEEKEO PT,19.8472473278,-155.0826197333,HI,HAWAII,14 = NAVIGATION LIGHT,,1900,FIRST OBSERVED,CGS,
20260103,http://www.ngs.noaa.gov/cgi-bin/ds_mark.prl?PidBox=TU1395,TU1395,ALIAMANU BOARD WTR TK,21.3543431583,-157.9130612222,HI,HONOLULU,53 = ELEVATED TANK,,1969,FIRST OBSERVED,CGS,
20260103,http://www.ngs.noaa.gov/cgi-bin/ds_mark.prl?PidBox=TU2350,TU2350,ALII,19.4442687611,-155.1980448750,HI,HAWAII,Z = SEE DESCRIPTION,0 = UNSPECIFIED SETTING,1977,MONUMENTED,USGS,968.1
20260103,http://www.ngs.noaa.gov/cgi-bin/ds_mark.prl?PidBox=TU0010,TU0010,AN/GKR 5 ANTENNA,18.9392899139,-155.6823697028,HI,HAWAII,DD = SURVEY DISK,31 = SET IN A PAVEMENT SUCH AS STREET SIDEWALK CURB ETC.,1964,GOOD,CGS,112.924
20260103,http://www.ngs.noaa.gov/cgi-bin/ds_mark.prl?PidBox=TU0008,TU0008,AN/GKR 6 ANTENNA,18.9398547528,-155.6827327361,HI,HAWAII,25 = RADAR ANTENNA,,1964,GOOD,CGS,103.341
20260103,http://www.ngs.noaa.gov/cgi-bin/ds_mark.prl?PidBox=TU0007,TU0007,AN/GKR 6A ANTENNA,18.9387252278,-155.6827268306,HI,HAWAII,25 = RADAR ANTENNA,,1964,GOOD,CGS,97.652
20260103,http://www.ngs.noaa.gov/cgi-bin/ds_mark.prl?PidBox=TU1890,TU1890,ANA,22.1301060972,-159.3083473528,HI,KAUAI,DS = TRIANGULATION STATION DISK,80 = SET IN A BOULDER,19980813,MARK NOT FOUND,USPSQD,73.
20260103,http://www.ngs.noaa.gov/cgi-bin/ds_mark.prl?PidBox=TU2608,TU2608,ANAHULU RESET,19.8522759417,-155.8558373889,HI,HAWAII,N = NAIL,2 = IMBEDDED OR DRIVEN IN THE GROUND,1967,GOOD,CGS,464.5
20260103,http://www.ngs.noaa.gov/cgi-bin/ds_mark.prl?PidBox=TU1482,TU1482,ANCHOR,21.7007460944,-157.9594157333,HI,HONOLULU,DS = TRIANGULATION STATION DISK,7 = SET IN TOP OF CONCRETE MONUMENT,20130126,POOR,GEOCAC,2.
20260103,http://www.ngs.noaa.gov/cgi-bin/ds_mark.prl?PidBox=TU1584,TU1584,ANGLE ECC 1960,21.5645852583,-158.2399752167,HI,HONOLULU,,,1965,GOOD,CGS,396.
20260103,http://www.ngs.noaa.gov/cgi-bin/ds_mark.prl?PidBox=TU0794,TU0794,ANNA ANTENNA 150 MC,22.1263888889,-159.6652777778,HI,KAUAI,,,1964,GOOD,CGS,1149.813
20260103,http://www.ngs.noaa.gov/cgi-bin/ds_mark.prl?PidBox=TU0796,TU0796,ANNA ANTENNA 162 MC,22.1263888889,-159.6652777778,HI,KAUAI,42 = RADIO/TV MAST,,1964,GOOD,CGS,1149.817
20260103,http://www.ngs.noaa.gov/cgi-bin/ds_mark.prl?PidBox=TU0793,TU0793,ANNA ANTENNA 324 MC,22.1263888889,-159.6652777778,HI,KAUAI,,,1964,GOOD,CGS,1149.804
20260103,http://www.ngs.noaa.gov/cgi-bin/ds_mark.prl?PidBox=TU0797,TU0797,ANNA ANTENNA 400 MC,22.1263888889,-159.6652777778,HI,KAUAI,42 = RADIO/TV MAST,,1964,GOOD,CGS,1149.798
20260103,http://www.ngs.noaa.gov/cgi-bin/ds_mark.prl?PidBox=TU1586,TU1586,ANT,21.5609378417,-158.2384810361,HI,HONOLULU,,,1965,FIRST OBSERVED,CGS,405.
20260103,http://www.ngs.noaa.gov/cgi-bin/ds_mark.prl?PidBox=TU0993,TU0993,ANTENNA,21.5209754111,-157.9970714861,HI,HONOLULU,DD = SURVEY DISK,7 = SET IN TOP OF CONCRETE MONUMENT,1969,GOOD,CGS,387.662
20260103,http://www.ngs.noaa.gov/cgi-bin/ds_mark.prl?PidBox=TU1570,TU1570,ANTENNA,21.5610436083,-158.2387769139,HI,HONOLULU,DS = TRIANGULATION STATION DISK,36 = SET IN A MASSIVE STRUCTURE,1964,GOOD,CGS,414.8
20260103,http://www.ngs.noaa.gov/cgi-bin/ds_mark.prl?PidBox=TU0994,TU0994,ANTENNA HUB,21.5212006528,-157.9970088889,HI,HONOLULU,,,1962,MONUMENTED,CGS,387.850
20260103,http://www.ngs.noaa.gov/cgi-bin/ds_mark.prl?PidBox=TU3087,TU3087,ANU,20.8214315167,-156.5474795750,HI,MAUI,DS = TRIANGULATION STATION DISK,66 = SET IN ROCK OUTCROP,1969,GOOD,CGS,905.6
20260103,http://www.ngs.noaa.gov/cgi-bin/ds_mark.prl?PidBox=TU2676,TU2676,ANUENUE,20.0908811528,-155.5330475056,HI,HAWAII,DD = SURVEY DISK,7 = SET IN TOP OF CONCRETE MONUMENT,1966,GOOD,CGS,490.9
20260103,http://www.ngs.noaa.gov/cgi-bin/ds_mark.prl?PidBox=DN6360,DN6360,AOLE,21.3372503611,-157.9228327306,HI,HONOLULU,DD = SURVEY DISK,31 = SET IN A PAVEMENT SUCH AS STREET SIDEWALK CURB ETC.,20161203,GOOD,HIDT,7.311
20260103,http://www.ngs.noaa.gov/cgi-bin/ds_mark.prl?PidBox=TU0440,TU0440,AP 1956 STA A,21.3247222222,-157.9047222222,HI,HONOLULU,DT = TOPOGRAPHIC STATION DISK,7 = SET IN TOP OF CONCRETE MONUMENT,19940122,GOOD,NGS,1.864
20260103,http://www.ngs.noaa.gov/cgi-bin/ds_mark.prl?PidBox=TU0026,TU0026,AP STA A,19.7217887917,-155.0616349083,HI,HAWAII,DT = TOPOGRAPHIC STATION DISK,7 = SET IN TOP OF CONCRETE MONUMENT,19940408,GOOD,NGS,7.279
20260103,http://www.ngs.noaa.gov/cgi-bin/ds_mark.prl?PidBox=TU0441,TU0441,AP STA A 2,21.3244444444,-157.9044444444,HI,HONOLULU,DT = TOPOGRAPHIC STATION DISK,7 = SET IN TOP OF CONCRETE MONUMENT,19940122,GOOD,NGS,1.751
20260103,http://www.ngs.noaa.gov/cgi-bin/ds_mark.prl?PidBox=TU2328,TU2328,APAKUIE 1877,19.9325301472,-155.4300856389,HI,HAWAII,,,1877,MONUMENTED,HIGS,1784.
20260103,http://www.ngs.noaa.gov/cgi-bin/ds_mark.prl?PidBox=TU3260,TU3260,APPLE,20.8844966972,-157.0415536667,HI,MAUI,DS = TRIANGULATION STATION DISK,80 = SET IN A BOULDER,1962,GOOD,CGS,184.6
20260103,http://www.ngs.noaa.gov/cgi-bin/ds_mark.prl?PidBox=TU0763,TU0763,ARCAS LAUNCHER,22.0685401250,-159.7745540500,HI,KAUAI,Z = SEE DESCRIPTION,0 = UNSPECIFIED SETTING,1967,GOOD,CGS,28.498
20260103,http://www.ngs.noaa.gov/cgi-bin/ds_mark.prl?PidBox=TU0743,TU0743,ARCAS LAUNCHER 324305,22.0436111111,-159.7844444444,HI,KAUAI,Z = SEE DESCRIPTION,30 = SET IN A LIGHT STRUCTURE,1965,GOOD,CGS,5.456
20260103,http://www.ngs.noaa.gov/cgi-bin/ds_mark.prl?PidBox=TU1403,TU1403,ARP 1956,21.3218954806,-157.9265307500,HI,HONOLULU,DT = TOPOGRAPHIC STATION DISK,17 = SET INTO TOP OF METAL PIPE DRIVEN INTO GROUND,1983,GOOD,USCG,2.78
20260103,http://www.ngs.noaa.gov/cgi-bin/ds_mark.prl?PidBox=DR4418,DR4418,ATA 1 10,20.8141888889,-156.9225500000,HI,MAUI,DD = SURVEY DISK,32 = SET IN A RETAINING WALL OR CONCRETE LEDGE,20170724,MONUMENTED,ATASSI,457.265
20260103,http://www.ngs.noaa.gov/cgi-bin/ds_mark.prl?PidBox=DR4419,DR4419,ATA 1 11A,20.8176500000,-156.9184611111,HI,MAUI,N = NAIL,7 = SET IN TOP OF CONCRETE MONUMENT,20170810,GOOD,ATASSI,466.177
20260103,http://www.ngs.noaa.gov/cgi-bin/ds_mark.prl?PidBox=DR4420,DR4420,ATA 1 12,20.8106500000,-156.9133305556,HI,MAUI,DD = SURVEY DISK,34 = SET IN THE FOOTINGS OF SMALL/MEDIUM STRUCTURES,20170724,MONUMENTED,ATASSI,429.146
20260103,http://www.ngs.noaa.gov/cgi-bin/ds_mark.prl?PidBox=DR4421,DR4421,ATA 1 13A,20.8007000000,-156.9095888889,HI,MAUI,DD = SURVEY DISK,7 = SET IN TOP OF CONCRETE MONUMENT,20170725,MONUMENTED,ATASSI,374.980
20260103,http://www.ngs.noaa.gov/cgi-bin/ds_mark.prl?PidBox=DR4422,DR4422,ATA 1 14,20.7912000000,-156.9064388889,HI,MAUI,DD = SURVEY DISK,7 = SET IN TOP OF CONCRETE MONUMENT,20170725,MONUMENTED,ATASSI,348.901
20260103,http://www.ngs.noaa.gov/cgi-bin/ds_mark.prl?PidBox=DR4423,DR4423,ATA 1 15,20.7835388889,-156.9042194444,HI,MAUI,DD = SURVEY DISK,7 = SET IN TOP OF CONCRETE MONUMENT,20170725,MONUMENTED,ATASSI,338.927
20260103,http://www.ngs.noaa.gov/cgi-bin/ds_mark.prl?PidBox=DR4424,DR4424,ATA 1 16,20.7767194444,-156.9057111111,HI,MAUI,DD = SURVEY DISK,32 = SET IN A RETAINING WALL OR CONCRETE LEDGE,20170727,MONUMENTED,ATASSI,347.170
20260103,http://www.ngs.noaa.gov/cgi-bin/ds_mark.prl?PidBox=DR4425,DR4425,ATA 1 17,20.7702805556,-156.9121305556,HI,MAUI,DD = SURVEY DISK,34 = SET IN THE FOOTINGS OF SMALL/MEDIUM STRUCTURES,20170727,MONUMENTED,ATASSI,358.376
20260103,http://www.ngs.noaa.gov/cgi-bin/ds_mark.prl?PidBox=DR4426,DR4426,ATA 1 18A,20.7632305556,-156.9067111111,HI,MAUI,DD = SURVEY DISK,32 = SET IN A RETAINING WALL OR CONCRETE LEDGE,20170727,MONUMENTED,ATASSI,344.816
20260103,http://www.ngs.noaa.gov/cgi-bin/ds_mark.prl?PidBox=DR4427,DR4427,ATA 1 18B,20.7631000000,-156.9027500000,HI,MAUI,DD = SURVEY DISK,32 = SET IN A RETAINING WALL OR CONCRETE LEDGE,20170727,MONUMENTED,ATASSI,326.382
20260103,http://www.ngs.noaa.gov/cgi-bin/ds_mark.prl?PidBox=DR4428,DR4428,ATA 1 19,20.7630694444,-156.8995888889,HI,MAUI,DD = SURVEY DISK,31 = SET IN A PAVEMENT SUCH AS STREET SIDEWALK CURB ETC.,20170727,MONUMENTED,ATASSI,298.246
20260103,http://www.ngs.noaa.gov/cgi-bin/ds_mark.prl?PidBox=DR4429,DR4429,ATA 1 19A,20.7610694444,-156.8973000000,HI,MAUI,DD = SURVEY DISK,31 = SET IN A PAVEMENT SUCH AS STREET SIDEWALK CURB ETC.,20170726,MONUMENTED,ATASSI,249.074
20260103,http://www.ngs.noaa.gov/cgi-bin/ds_mark.prl?PidBox=DR4406,DR4406,ATA 1 1A,20.7902805556,-156.9885500000,HI,MAUI,DD = SURVEY DISK,31 = SET IN A PAVEMENT SUCH AS STREET SIDEWALK CURB ETC.,20170724,MONUMENTED,ATASSI,46.927
20260103,http://www.ngs.noaa.gov/cgi-bin/ds_mark.prl?PidBox=DR4407,DR4407,ATA 1 1B,20.7877500000,-156.9842805556,HI,MAUI,DD = SURVEY DISK,31 = SET IN A PAVEMENT SUCH AS STREET SIDEWALK CURB ETC.,20170724,MONUMENTED,ATASSI,97.946
20260103,http://www.ngs.noaa.gov/cgi-bin/ds_mark.prl?PidBox=DR4430,DR4430,ATA 1 20,20.7593888889,-156.8965500000,HI,MAUI,DD = SURVEY DISK,31 = SET IN A PAVEMENT SUCH AS STREET SIDEWALK CURB ETC.,20170727,MONUMENTED,ATASSI,230.883
20260103,http://www.ngs.noaa.gov/cgi-bin/ds_mark.prl?PidBox=DR4431,DR4431,ATA 1 20A,20.7565888889,-156.8962694444,HI,MAUI,DD = SURVEY DISK,7 = SET IN TOP OF CONCRETE MONUMENT,20170726,MONUMENTED,ATASSI,192.976
20260103,http://www.ngs.noaa.gov/cgi-bin/ds_mark.prl?PidBox=DR4432,DR4432,ATA 1 21,20.7550805556,-156.8953388889,HI,MAUI,DD = SURVEY DISK,7 = SET IN TOP OF CONCRETE MONUMENT,20170725,MONUMENTED,ATASSI,172.080
20260103,http://www.ngs.noaa.gov/cgi-bin/ds_mark.prl?PidBox=DR4433,DR4433,ATA 1 21A,20.7516500000,-156.8952194444,HI,MAUI,DD = SURVEY DISK,7 = SET IN TOP OF CONCRETE MONUMENT,20170726,MONUMENTED,ATASSI,133.387
20260103,http://www.ngs.noaa.gov/cgi-bin/ds_mark.prl?PidBox=DR4434,DR4434,ATA 1 22A,20.7485388889,-156.8938111111,HI,MAUI,DD = SURVEY DISK,32 = SET IN A RETAINING WALL OR CONCRETE LEDGE,20170726,MONUMENTED,ATASSI,101.963
20260103,http://www.ngs.noaa.gov/cgi-bin/ds_mark.prl?PidBox=DR4435,DR4435,ATA 1 22B,20.7467611111,-156.8939805556,HI,MAUI,DD = SURVEY DISK,7 = SET IN TOP OF CONCRETE MONUMENT,20170726,MONUMENTED,ATASSI,86.070
20260103,http://www.ngs.noaa.gov/cgi-bin/ds_mark.prl?PidBox=DR4436,DR4436,ATA 1 23,20.7445388889,-156.8941305556,HI,MAUI,DD = SURVEY DISK,31 = SET IN A PAVEMENT SUCH AS STREET SIDEWALK CURB ETC.,20170726,MONUMENTED,ATASSI,48.774
20260103,http://www.ngs.noaa.gov/cgi-bin/ds_mark.prl?PidBox=DR4408,DR4408,ATA 1 2A,20.7878305556,-156.9810111111,HI,MAUI,DD = SURVEY DISK,31 = SET IN A PAVEMENT SUCH AS STREET SIDEWALK CURB ETC.,20170724,MONUMENTED,ATASSI,143.604
20260103,http://www.ngs.noaa.gov/cgi-bin/ds_mark.prl?PidBox=DR4409,DR4409,ATA 1 3A,20.7902194444,-156.9776305556,HI,MAUI,DD = SURVEY DISK,32 = SET IN A RETAINING WALL OR CONCRETE LEDGE,20170724,MONUMENTED,HIDT,186.798
20260103,http://www.ngs.noaa.gov/cgi-bin/ds_mark.prl?PidBox=DR4410,DR4410,ATA 1 3B,20.7935388889,-156.9740000000,HI,MAUI,DD = SURVEY DISK,31 = SET IN A PAVEMENT SUCH AS STREET SIDEWALK CURB ETC.,20170727,MONUMENTED,HIDT,234.746
20260103,http://www.ngs.noaa.gov/cgi-bin/ds_mark.prl?PidBox=DR4411,DR4411,ATA 1 4A,20.7937111111,-156.9685611111,HI,MAUI,DD = SURVEY DISK,31 = SET IN A PAVEMENT SUCH AS STREET SIDEWALK CURB ETC.,20170727,MONUMENTED,ATASSI,277.645
20260103,http://www.ngs.noaa.gov/cgi-bin/ds_mark.prl?PidBox=DR4412,DR4412,ATA 1 5A,20.7929888889,-156.9652805556,HI,MAUI,DD = SURVEY DISK,32 = SET IN A RETAINING WALL OR CONCRETE LEDGE,20170728,MONUMENTED,ATASSI,304.335
20260103,http://www.ngs.noaa.gov/cgi-bin/ds_mark.prl?PidBox=DR4413,DR4413,ATA 1 6A,20.7946111111,-156.9597694444,HI,MAUI,DD = SURVEY DISK,31 = SET IN A PAVEMENT SUCH AS STREET SIDEWALK CURB ETC.,20170728,MONUMENTED,ATASSI,349.641
20260103,http://www.ngs.noaa.gov/cgi-bin/ds_mark.prl?PidBox=DR4414,DR4414,ATA 1 6B,20.7978805556,-156.9538194444,HI,MAUI,DD = SURVEY DISK,7 = SET IN TOP OF CONCRETE MONUMENT,20170724,MONUMENTED,ATASSI,394.774
20260103,http://www.ngs.noaa.gov/cgi-bin/ds_mark.prl?PidBox=DR4415,DR4415,ATA 1 7,20.8008694444,-156.9478805556,HI,MAUI,DD = SURVEY DISK,7 = SET IN TOP OF CONCRETE MONUMENT,20170725,MONUMENTED,ATASSI,420.941
20260103,http://www.ngs.noaa.gov/cgi-bin/ds_mark.prl?PidBox=DR4416,DR4416,ATA 1 8A,20.8057500000,-156.9379888889,HI,MAUI,DD = SURVEY DISK,34 = SET IN THE FOOTINGS OF SMALL/MEDIUM STRUCTURES,20170724,MONUMENTED,ATASSI,458.501
20260103,http://www.ngs.noaa.gov/cgi-bin/ds_mark.prl?PidBox=DR4417,DR4417,ATA 1 9A,20.8083500000,-156.9319388889,HI,MAUI,DD = SURVEY DISK,32 = SET IN A RETAINING WALL OR CONCRETE LEDGE,20170724,MONUMENTED,ATASSI,446.886
20260103,http://www.ngs.noaa.gov/cgi-bin/ds_mark.prl?PidBox=DR4437,DR4437,ATA 2 1,20.7916305556,-156.9508611111,HI,MAUI,C = CAP OF CAP-AND-BOLT PAIR,17 = SET INTO TOP OF METAL PIPE DRIVEN INTO GROUND,20170810,GOOD,ATASSI,399.777
20260103,http://www.ngs.noaa.gov/cgi-bin/ds_mark.prl?PidBox=DR4438,DR4438,ATA 3 1A,20.8250111111,-156.9182888889,HI,MAUI,DD = SURVEY DISK,31 = SET IN A PAVEMENT SUCH AS STREET SIDEWALK CURB ETC.,20170810,MONUMENTED,ATASSI,492.492
20260103,http://www.ngs.noaa.gov/cgi-bin/ds_mark.prl?PidBox=DR4439,DR4439,ATA 3 2,20.8329500000,-156.9217111111,HI,MAUI,DD = SURVEY DISK,31 = SET IN A PAVEMENT SUCH AS STREET SIDEWALK CURB ETC.,20170810,MONUMENTED,ATASSI,505.146
20260103,http://www.ngs.noaa.gov/cgi-bin/ds_mark.prl?PidBox=TU2661,TU2661,AU,20.0985026500,-155.4902377028,HI,HAWAII,Z = SEE DESCRIPTION,17 = SET INTO TOP OF METAL PIPE DRIVEN INTO GROUND,1928,GOOD,CGS,198.
20260103,http://www.ngs.noaa.gov/cgi-bin/ds_mark.prl?PidBox=TU2514,TU2514,AUAU 1972,19.3008191889,-155.8889261778,HI,HAWAII,,,1972,MONUMENTED,NGS,1.
20260103,http://www.ngs.noaa.gov/cgi-bin/ds_mark.prl?PidBox=DR8956,DR8956,AUSTIN,21.3926740833,-157.9530302333,HI,HONOLULU,DD = SURVEY DISK,31 = SET IN A PAVEMENT SUCH AS STREET SIDEWALK CURB ETC.,20220926,GOOD,STANTI,32.0
20260103,http://www.ngs.noaa.gov/cgi-bin/ds_mark.prl?PidBox=TU2264,TU2264,AWA,19.6648925639,-155.0533983806,HI,HAWAII,,,20051010,GOOD,USPSQD,63.5
20260103,http://www.ngs.noaa.gov/cgi-bin/ds_mark.prl?PidBox=TU2004,TU2004,AWAA RESET,22.1463655167,-159.6534389333,HI,KAUAI,DS = TRIANGULATION STATION DISK,66 = SET IN ROCK OUTCROP,1966,GOOD,CGS,1250.
20260103,http://www.ngs.noaa.gov/cgi-bin/ds_mark.prl?PidBox=TU3202,TU3202,AWEHI,20.7914472167,-156.8196431667,HI,MAUI,DO = NOT SPECIFIED OR SEE DESCRIPTION,80 = SET IN A BOULDER,1962,MONUMENTED,CGS,46.8
20260103,http://www.ngs.noaa.gov/cgi-bin/ds_mark.prl?PidBox=TU0429,TU0429,B,21.2972222222,-157.7868888889,HI,HONOLULU,Z = SEE DESCRIPTION,0 = UNSPECIFIED SETTING,20140413,GOOD,GEOCAC,290.781
20260103,http://www.ngs.noaa.gov/cgi-bin/ds_mark.prl?PidBox=TU1769,TU1769,B,21.9257049861,-159.3755028694,HI,KAUAI,02 = CONSPICUOUS ROCK,,1965,GOOD,CGS,
20260103,http://www.ngs.noaa.gov/cgi-bin/ds_mark.prl?PidBox=TU3408,TU3408,B,21.0815817444,-157.0284165611,HI,MAUI,,,1962,MARK NOT FOUND,CGS,
20260103,http://www.ngs.noaa.gov/cgi-bin/ds_mark.prl?PidBox=TU0143,TU0143,B 1,19.4797222222,-155.6025000000,HI,HAWAII,DB = BENCH MARK DISK,66 = SET IN ROCK OUTCROP,20170424,GOOD,GEOCAC,4162.372
20260103,http://www.ngs.noaa.gov/cgi-bin/ds_mark.prl?PidBox=TU0264,TU0264,B 10,21.3400000000,-157.8733333333,HI,HONOLULU,DB = BENCH MARK DISK,36 = SET IN A MASSIVE STRUCTURE,20060315,SEE DESCRIPTION,HIDT,30.458
20260103,http://www.ngs.noaa.gov/cgi-bin/ds_mark.prl?PidBox=TU0279,TU0279,B 11,21.3110638889,-157.8589750000,HI,HONOLULU,DB = BENCH MARK DISK,36 = SET IN A MASSIVE STRUCTURE,20130730,GOOD,GEOCAC,8.623
20260103,http://www.ngs.noaa.gov/cgi-bin/ds_mark.prl?PidBox=AA6427,AA6427,B 111,21.3328916444,-157.8915960972,HI,HONOLULU,B = BOLT,36 = SET IN A MASSIVE STRUCTURE,20220217,GOOD,HIROTA,2.175
20260103,http://www.ngs.noaa.gov/cgi-bin/ds_mark.prl?PidBox=DR2135,DR2135,B 111A,21.3347444444,-157.9013000000,HI,HONOLULU,DD = SURVEY DISK,31 = SET IN A PAVEMENT SUCH AS STREET SIDEWALK CURB ETC.,20220217,GOOD,HIROTA,3.322
20260103,http://www.ngs.noaa.gov/cgi-bin/ds_mark.prl?PidBox=DR2136,DR2136,B 111B,21.3281944444,-157.8870277778,HI,HONOLULU,DD = SURVEY DISK,31 = SET IN A PAVEMENT SUCH AS STREET SIDEWALK CURB ETC.,20151103,MONUMENTED,HIROTA,3.190
20260103,http://www.ngs.noaa.gov/cgi-bin/ds_mark.prl?PidBox=TU0317,TU0317,B 12,21.2593010278,-157.7967410167,HI,HONOLULU,DB = BENCH MARK DISK,36 = SET IN A MASSIVE STRUCTURE,20140323,GOOD,GEOCAC,16.819
20260103,http://www.ngs.noaa.gov/cgi-bin/ds_mark.prl?PidBox=TU0462,TU0462,B 13,21.3447222222,-157.8633333333,HI,HONOLULU,DB = BENCH MARK DISK,30 = SET IN A LIGHT STRUCTURE,20060315,SEE DESCRIPTION,HIDT,65.548
20260103,http://www.ngs.noaa.gov/cgi-bin/ds_mark.prl?PidBox=TU0616,TU0616,B 14,21.3693333333,-158.1361388889,HI,HONOLULU,DB = BENCH MARK DISK,66 = SET IN ROCK OUTCROP,20160311,GOOD,GEOCAC,5.941
20260103,http://www.ngs.noaa.gov/cgi-bin/ds_mark.prl?PidBox=TU0588,TU0588,B 15,21.5041388889,-158.0534166667,HI,HONOLULU,DB = BENCH MARK DISK,32 = SET IN A RETAINING WALL OR CONCRETE LEDGE,20150709,GOOD,HIROTA,260.542
20260103,http://www.ngs.noaa.gov/cgi-bin/ds_mark.prl?PidBox=TU0269,TU0269,B 19,21.3416666667,-157.8744444444,HI,HONOLULU,DV = VERTICAL CONTROL DISK,30 = SET IN A LIGHT STRUCTURE,1973,MONUMENTED,NGS,35.429
20260103,http://www.ngs.noaa.gov/cgi-bin/ds_mark.prl?PidBox=TU0041,TU0041,B 2,19.6736111111,-155.0663888889,HI,HAWAII,DB = BENCH MARK DISK,36 = SET IN A MASSIVE STRUCTURE,1975,GOOD,NGS,60.286
20260103,http://www.ngs.noaa.gov/cgi-bin/ds_mark.prl?PidBox=TU0031,TU0031,B 20,19.7209120333,-155.0788784306,HI,HAWAII,DV = VERTICAL CONTROL DISK,66 = SET IN ROCK OUTCROP,20240719,GOOD,INDIV,2.687
20260103,http://www.ngs.noaa.gov/cgi-bin/ds_mark.prl?PidBox=TU0140,TU0140,B 21,19.4872777778,-155.5965277778,HI,HAWAII,DV = VERTICAL CONTROL DISK,66 = SET IN ROCK OUTCROP,1975,MONUMENTED,NGS,4075.484
20260103,http://www.ngs.noaa.gov/cgi-bin/ds_mark.prl?PidBox=TU0170,TU0170,B 22,19.5038888889,-155.5558333333,HI,HAWAII,DV = VERTICAL CONTROL DISK,66 = SET IN ROCK OUTCROP,1975,MONUMENTED,NGS,3741.908
20260103,http://www.ngs.noaa.gov/cgi-bin/ds_mark.prl?PidBox=TU0885,TU0885,B 23,20.6533333333,-156.4336111111,HI,MAUI,DV = VERTICAL CONTROL DISK,66 = SET IN ROCK OUTCROP,1979,MONUMENTED,NGS,62.915
20260103,http://www.ngs.noaa.gov/cgi-bin/ds_mark.prl?PidBox=TU0915,TU0915,B 24,20.8472222222,-156.3513888889,HI,MAUI,DV = VERTICAL CONTROL DISK,32 = SET IN A RETAINING WALL OR CONCRETE LEDGE,1979,MONUMENTED,NGS,342.349
20260103,http://www.ngs.noaa.gov/cgi-bin/ds_mark.prl?PidBox=TU0374,TU0374,B 4,21.4324921028,-157.8093833833,HI,HONOLULU,DB = BENCH MARK DISK,7 = SET IN TOP OF CONCRETE MONUMENT,20060315,SEE DESCRIPTION,HIDT,12.468
20260103,http://www.ngs.noaa.gov/cgi-bin/ds_mark.prl?PidBox=TU0295,TU0295,B 5,21.2943207722,-157.8574752278,HI,HONOLULU,DB = BENCH MARK DISK,30 = SET IN A LIGHT STRUCTURE,20121111,GOOD,GEOCAC,1.743
20260103,http://www.ngs.noaa.gov/cgi-bin/ds_mark.prl?PidBox=TU0202,TU0202,B 6,20.8357226917,-156.4023495833,HI,MAUI,DB = BENCH MARK DISK,7 = SET IN TOP OF CONCRETE MONUMENT,20110428,MARK NOT FOUND,INDIV,140.414
20260103,http://www.ngs.noaa.gov/cgi-bin/ds_mark.prl?PidBox=TU1663,TU1663,BAH,21.3365714083,-158.0744127917,HI,HONOLULU,B = BOLT,0 = UNSPECIFIED SETTING,1965,MONUMENTED,CGS,43.
20260103,http://www.ngs.noaa.gov/cgi-bin/ds_mark.prl?PidBox=TU0751,TU0751,BALL,22.0519662111,-159.7776782111,HI,KAUAI,DS = TRIANGULATION STATION DISK,7 = SET IN TOP OF CONCRETE MONUMENT,1983,MARK NOT FOUND,USPSQD,3.529
20260103,http://www.ngs.noaa.gov/cgi-bin/ds_mark.prl?PidBox=TU0750,TU0750,BALL RM 1,22.0519662139,-159.7777844083,HI,KAUAI,DR = REFERENCE MARK DISK,7 = SET IN TOP OF CONCRETE MONUMENT,1968,GOOD,CGS,3.890
20260103,http://www.ngs.noaa.gov/cgi-bin/ds_mark.prl?PidBox=TU0752,TU0752,BALL RM 2,22.0520388889,-159.7776777778,HI,KAUAI,DR = REFERENCE MARK DISK,7 = SET IN TOP OF CONCRETE MONUMENT,1965,MONUMENTED,CGS,3.579
20260103,http://www.ngs.noaa.gov/cgi-bin/ds_mark.prl?PidBox=TU1670,TU1670,BARBERS POINT,21.2969276028,-158.1013284528,HI,HONOLULU,DS = TRIANGULATION STATION DISK,7 = SET IN TOP OF CONCRETE MONUMENT,1970,MARK NOT FOUND,NGS,1.5
20260103,http://www.ngs.noaa.gov/cgi-bin/ds_mark.prl?PidBox=TU1674,TU1674,BARBERS POINT LIGHTHOUSE NEW,21.2963766139,-158.1061744389,HI,HONOLULU,13 = LIGHTHOUSE,,1984,GOOD,USPSQD,
20260103,http://www.ngs.noaa.gov/cgi-bin/ds_mark.prl?PidBox=TU1676,TU1676,BARBERS PT CEMENT PLT OBSTR LT,21.2996103694,-158.1077752278,HI,HONOLULU,14 = NAVIGATION LIGHT,,UNK,FIRST OBSERVED,,
20260103,http://www.ngs.noaa.gov/cgi-bin/ds_mark.prl?PidBox=TU1662,TU1662,BARBERS PT NAS BASE CONT TR BN,21.3103535389,-158.0707983500,HI,HONOLULU,21 = AIRPORT BEACON,,1973,GOOD,NGS,
20260103,http://www.ngs.noaa.gov/cgi-bin/ds_mark.prl?PidBox=TU1667,TU1667,BARBERS PT NAS BEACON,21.3053809250,-158.0810807333,HI,HONOLULU,,,1969,MONUMENTED,CGS,
20260103,http://www.ngs.noaa.gov/cgi-bin/ds_mark.prl?PidBox=TU1672,TU1672,BARBERS PT STANDARD OIL SE TWR,21.3091069056,-158.1128794278,HI,HONOLULU,55 = TOWER,,1969,FIRST OBSERVED,CGS,
20260103,http://www.ngs.noaa.gov/cgi-bin/ds_mark.prl?PidBox=TU1673,TU1673,BARBERS PT STANDARD OIL NW TWR,21.3104268750,-158.1138311278,HI,HONOLULU,55 = TOWER,,1969,FIRST OBSERVED,CGS,
20260103,http://www.ngs.noaa.gov/cgi-bin/ds_mark.prl?PidBox=TU0724,TU0724,BARK,22.0246503861,-159.7832442778,HI,KAUAI,DS = TRIANGULATION STATION DISK,7 = SET IN TOP OF CONCRETE MONUMENT,20080128,GOOD,NGIA,4.677
20260103,http://www.ngs.noaa.gov/cgi-bin/ds_mark.prl?PidBox=TU0725,TU0725,BARK RM 1,22.0247305556,-159.7831833333,HI,KAUAI,DR = REFERENCE MARK DISK,7 = SET IN TOP OF CONCRETE MONUMENT,1968,GOOD,CGS,4.593
20260103,http://www.ngs.noaa.gov/cgi-bin/ds_mark.prl?PidBox=TU0723,TU0723,BARK RM 2,22.0245500000,-159.7831527778,HI,KAUAI,DR = REFERENCE MARK DISK,7 = SET IN TOP OF CONCRETE MONUMENT,1966,GOOD,CGS,4.499
20260103,http://www.ngs.noaa.gov/cgi-bin/ds_mark.prl?PidBox=TU1879,TU1879,BARN SOUTH GABLE,21.8672377750,-160.2322227556,HI,KAUAI,,,1926,MONUMENTED,CGS,
20260103,http://www.ngs.noaa.gov/cgi-bin/ds_mark.prl?PidBox=TU2294,TU2294,BARNARD,19.9896365972,-155.2480529833,HI,HAWAII,Z = SEE DESCRIPTION,17 = SET INTO TOP OF METAL PIPE DRIVEN INTO GROUND,1967,SEE DESCRIPTION,CGS,162.
20260103,http://www.ngs.noaa.gov/cgi-bin/ds_mark.prl?PidBox=TU2282,TU2282,BASE B,19.5484679194,-155.3035700667,HI,HAWAII,,,1977,MONUMENTED,HIGS,1591.6
20260103,http://www.ngs.noaa.gov/cgi-bin/ds_mark.prl?PidBox=TU3013,TU3013,BAT,20.8963939417,-156.4640712389,HI,MAUI,,,1929,MARK NOT FOUND,CGS,
20260103,http://www.ngs.noaa.gov/cgi-bin/ds_mark.prl?PidBox=TU0563,TU0563,BATH,21.5778979500,-158.2629447500,HI,HONOLULU,DS = TRIANGULATION STATION DISK,66 = SET IN ROCK OUTCROP,20130516,GOOD,GEOCAC,2.062
20260103,http://www.ngs.noaa.gov/cgi-bin/ds_mark.prl?PidBox=TU0562,TU0562,BATH RM 3,21.5777553500,-158.2627966528,HI,HONOLULU,DR = REFERENCE MARK DISK,66 = SET IN ROCK OUTCROP,20130516,POOR,GEOCAC,2.587
20260103,http://www.ngs.noaa.gov/cgi-bin/ds_mark.prl?PidBox=TU1818,TU1818,BAY,21.8936560139,-159.6000992750,HI,KAUAI,H = DRILL HOLE,66 = SET IN ROCK OUTCROP,20050926,MARK NOT FOUND,USPSQD,1.
20260103,http://www.ngs.noaa.gov/cgi-bin/ds_mark.prl?PidBox=DI2785,DI2785,BB 2,21.3291704778,-158.0548752639,HI,HONOLULU,DD = SURVEY DISK,0 = UNSPECIFIED SETTING,20060713,MONUMENTED,HI2400,16.79
20260103,http://www.ngs.noaa.gov/cgi-bin/ds_mark.prl?PidBox=TU3011,TU3011,BEACH,20.8964149056,-156.4620076417,HI,MAUI,,,1929,MARK NOT FOUND,CGS,
20260103,http://www.ngs.noaa.gov/cgi-bin/ds_mark.prl?PidBox=TU3143,TU3143,BECK,20.5394680389,-156.5702937778,HI,MAUI,DO = NOT SPECIFIED OR SEE DESCRIPTION,66 = SET IN ROCK OUTCROP,1963,MONUMENTED,CGS,330.2
20260103,http://www.ngs.noaa.gov/cgi-bin/ds_mark.prl?PidBox=TU2918,TU2918,BEG,20.6672496139,-156.4437218028,HI,MAUI,,,1968,MARK NOT FOUND,CGS,2.
20260103,http://www.ngs.noaa.gov/cgi-bin/ds_mark.prl?PidBox=TU1033,TU1033,BELLOWS AFB COMM MAST,21.3583313472,-157.7141120389,HI,HONOLULU,42 = RADIO/TV MAST,,1969,FIRST OBSERVED,CGS,
20260103,http://www.ngs.noaa.gov/cgi-bin/ds_mark.prl?PidBox=TU1034,TU1034,BELLOWS AFB MICROWAVE TOWER,21.3571767778,-157.7151338417,HI,HONOLULU,45 = MICROWAVE TOWER,,1969,FIRST OBSERVED,CGS,
20260103,http://www.ngs.noaa.gov/cgi-bin/ds_mark.prl?PidBox=DK4162,DK4162,BENDER,21.2749807750,-157.8077653778,HI,HONOLULU,DD = SURVEY DISK,0 = UNSPECIFIED SETTING,20071022,MONUMENTED,HIDT,35.23
20260103,http://www.ngs.noaa.gov/cgi-bin/ds_mark.prl?PidBox=TU3406,TU3406,BILL,21.0895528250,-157.0273046778,HI,MAUI,,,1962,MARK NOT FOUND,CGS,
20260103,http://www.ngs.noaa.gov/cgi-bin/ds_mark.prl?PidBox=TU2517,TU2517,BISHOP,19.4660700222,-155.8847863333,HI,HAWAII,DS = TRIANGULATION STATION DISK,7 = SET IN TOP OF CONCRETE MONUMENT,1972,GOOD,NGS,410.6
20260103,http://www.ngs.noaa.gov/cgi-bin/ds_mark.prl?PidBox=TU1873,TU1873,BLACK,21.9838736472,-160.1134534028,HI,KAUAI,,,1926,MONUMENTED,CGS,
20260103,http://www.ngs.noaa.gov/cgi-bin/ds_mark.prl?PidBox=TU3152,TU3152,BLACK,20.5217724556,-156.6035387972,HI,MAUI,W = UNMONUMENTED,0 = UNSPECIFIED SETTING,1963,MARK NOT FOUND,CGS,251.
20260103,http://www.ngs.noaa.gov/cgi-bin/ds_mark.prl?PidBox=TU3417,TU3417,BLACK,21.1021622222,-157.0795016250,HI,MAUI,,,1962,MARK NOT FOUND,CGS,
20260103,http://www.ngs.noaa.gov/cgi-bin/ds_mark.prl?PidBox=TU3151,TU3151,BLACK 2,20.5225113556,-156.6033855444,HI,MAUI,DO = NOT SPECIFIED OR SEE DESCRIPTION,66 = SET IN ROCK OUTCROP,1963,MONUMENTED,CGS,250.8
20260103,http://www.ngs.noaa.gov/cgi-bin/ds_mark.prl?PidBox=TU0337,TU0337,BLOW,21.2867643611,-157.6689249056,HI,HONOLULU,DS = TRIANGULATION STATION DISK,66 = SET IN ROCK OUTCROP,20160215,GOOD,GEOCAC,1.816
20260103,http://www.ngs.noaa.gov/cgi-bin/ds_mark.prl?PidBox=TU3142,TU3142,BLOW,20.5598017361,-156.5655287167,HI,MAUI,G = GLASS BOTTLE,2 = IMBEDDED OR DRIVEN IN THE GROUND,1963,MARK NOT FOUND,CGS,450.
20260103,http://www.ngs.noaa.gov/cgi-bin/ds_mark.prl?PidBox=TU3141,TU3141,BLOW 2,20.5612995333,-156.5653340778,HI,MAUI,DO = NOT SPECIFIED OR SEE DESCRIPTION,80 = SET IN A BOULDER,1963,MONUMENTED,CGS,448.6
20260103,http://www.ngs.noaa.gov/cgi-bin/ds_mark.prl?PidBox=TU0339,TU0339,BLOW RM 1,21.2869194444,-157.6685861111,HI,HONOLULU,DR = REFERENCE MARK DISK,66 = SET IN ROCK OUTCROP,20160215,GOOD,GEOCAC,1.792
20260103,http://www.ngs.noaa.gov/cgi-bin/ds_mark.prl?PidBox=TU0338,TU0338,BLOW RM 2,21.2868666667,-157.6690277778,HI,HONOLULU,DR = REFERENCE MARK DISK,66 = SET IN ROCK OUTCROP,20160215,GOOD,GEOCAC,2.568
20260103,http://www.ngs.noaa.gov/cgi-bin/ds_mark.prl?PidBox=TU1874,TU1874,BLUFF 1926,21.8506856556,-160.1669066611,HI,KAUAI,DO = NOT SPECIFIED OR SEE DESCRIPTION,66 = SET IN ROCK OUTCROP,1926,MONUMENTED,CGS,14.
20260103,http://www.ngs.noaa.gov/cgi-bin/ds_mark.prl?PidBox=TU0272,TU0272,BM,21.3350555556,-157.8685555556,HI,HONOLULU,Z = SEE DESCRIPTION,7 = SET IN TOP OF CONCRETE MONUMENT,20150811,GOOD,PAREN,27.178
20260103,http://www.ngs.noaa.gov/cgi-bin/ds_mark.prl?PidBox=TU3249,TU3249,BM 26 M,20.9148326833,-156.9008745083,HI,MAUI,,,1962,MONUMENTED,USGS,3.94
20260103,http://www.ngs.noaa.gov/cgi-bin/ds_mark.prl?PidBox=TU0281,TU0281,BM 34,21.3080555556,-157.8638888889,HI,HONOLULU,DB = BENCH MARK DISK,31 = SET IN A PAVEMENT SUCH AS STREET SIDEWALK CURB ETC.,20080805,MARK NOT FOUND,GEOCAC,2.971
20260103,http://www.ngs.noaa.gov/cgi-bin/ds_mark.prl?PidBox=TU0270,TU0270,BM 90.15,21.3350000000,-157.8688888889,HI,HONOLULU,DB = BENCH MARK DISK,30 = SET IN A LIGHT STRUCTURE,20060315,SEE DESCRIPTION,HIDT,27.398
20260103,http://www.ngs.noaa.gov/cgi-bin/ds_mark.prl?PidBox=TU3440,TU3440,BM NR MAUNA LOA,21.1422287306,-157.1570444222,HI,MAUI,,,1962,MONUMENTED,CGS,421.0
20260103,http://www.ngs.noaa.gov/cgi-bin/ds_mark.prl?PidBox=AH8362,AH8362,BM8739A,18.9164427611,-155.6683954139,HI,HAWAII,DD = SURVEY DISK,0 = UNSPECIFIED SETTING,1979,MONUMENTED,NOS,19.2
20260103,http://www.ngs.noaa.gov/cgi-bin/ds_mark.prl?PidBox=TU3080,TU3080,BOLD,20.7783190806,-156.5233037639,HI,MAUI,,,20120923,GOOD,INDIV,24.
20260103,http://www.ngs.noaa.gov/cgi-bin/ds_mark.prl?PidBox=TU0697,TU0697,BONHAM,22.0349043389,-159.7863765944,HI,KAUAI,DS = TRIANGULATION STATION DISK,80 = SET IN A BOULDER,1983,GOOD,USPSQD,8.405
20260103,http://www.ngs.noaa.gov/cgi-bin/ds_mark.prl?PidBox=TU0695,TU0695,BONHAM AUX CON TOWER,22.0313888889,-159.7847222222,HI,KAUAI,58 = CONTROL TOWER,,1965,GOOD,CGS,22.807
20260103,http://www.ngs.noaa.gov/cgi-bin/ds_mark.prl?PidBox=TU0698,TU0698,BONHAM RM 1,22.0349527778,-159.7863694444,HI,KAUAI,DR = REFERENCE MARK DISK,80 = SET IN A BOULDER,1968,GOOD,CGS,8.249
20260103,http://www.ngs.noaa.gov/cgi-bin/ds_mark.prl?PidBox=TU0696,TU0696,BONHAM RM 2,22.0348777778,-159.7863888889,HI,KAUAI,DR = REFERENCE MARK DISK,80 = SET IN A BOULDER,1966,GOOD,CGS,7.832
20260103,http://www.ngs.noaa.gov/cgi-bin/ds_mark.prl?PidBox=TU1583,TU1583,BORE,21.5644681167,-158.2386050833,HI,HONOLULU,,,1965,GOOD,CGS,394.2
20260103,http://www.ngs.noaa.gov/cgi-bin/ds_mark.prl?PidBox=TU1601,TU1601,BOUNDARY MARK 1963,21.5743859778,-158.2799910139,HI,HONOLULU,,,1963,MONUMENTED,CGS,2.
20260103,http://www.ngs.noaa.gov/cgi-bin/ds_mark.prl?PidBox=TU1710,TU1710,BOUNDARY MARKER 4,21.4007527972,-158.1699152083,HI,HONOLULU,,,1964,MONUMENTED,CGS,262.
20260103,http://www.ngs.noaa.gov/cgi-bin/ds_mark.prl?PidBox=TU2534,TU2534,BOUNDARY MONUMENT 9,19.4651586528,-155.9189589472,HI,HAWAII,Z = SEE DESCRIPTION,17 = SET INTO TOP OF METAL PIPE DRIVEN INTO GROUND,1968,GOOD,CGS,12.
20260103,http://www.ngs.noaa.gov/cgi-bin/ds_mark.prl?PidBox=TU2284,TU2284,BRONZE DISK FOR POINTS OF INTEREST,19.5300596028,-155.4638030333,HI,HAWAII,,,1949,MONUMENTED,CGS,3076.6
20260103,http://www.ngs.noaa.gov/cgi-bin/ds_mark.prl?PidBox=TU1799,TU1799,BRY,21.8874262889,-159.5511031222,HI,KAUAI,,,20050926,MARK NOT FOUND,USPSQD,
20260103,http://www.ngs.noaa.gov/cgi-bin/ds_mark.prl?PidBox=TU1699,TU1699,BURNS,21.4626413056,-158.1965231194,HI,HONOLULU,DS = TRIANGULATION STATION DISK,80 = SET IN A BOULDER,1965,MARK NOT FOUND,CGS,76.
20260103,http://www.ngs.noaa.gov/cgi-bin/ds_mark.prl?PidBox=TU1701,TU1701,BURNS,21.4899374861,-158.2141566167,HI,HONOLULU,Z = SEE DESCRIPTION,21 = SET IN CONCRETE IN A CLAY TILE PIPE,20160103,GOOD,GEOCAC,524.
20260103,http://www.ngs.noaa.gov/cgi-bin/ds_mark.prl?PidBox=TU0428,TU0428,C,21.2961111111,-157.7891666667,HI,HONOLULU,DD = SURVEY DISK,0 = UNSPECIFIED SETTING,20060315,GOOD,HIDT,263.618
20260103,http://www.ngs.noaa.gov/cgi-bin/ds_mark.prl?PidBox=TU0135,TU0135,C 1,19.4935000000,-155.5771944444,HI,HAWAII,DB = BENCH MARK DISK,66 = SET IN ROCK OUTCROP,1975,GOOD,NGS,3968.223
20260103,http://www.ngs.noaa.gov/cgi-bin/ds_mark.prl?PidBox=TU0298,TU0298,C 11,21.2893750000,-157.8441416667,HI,HONOLULU,DB = BENCH MARK DISK,36 = SET IN A MASSIVE STRUCTURE,20150710,GOOD,PAREN,1.597
20260103,http://www.ngs.noaa.gov/cgi-bin/ds_mark.prl?PidBox=AA6426,AA6426,C 111,21.3219333333,-157.8730805556,HI,HONOLULU,B = BOLT,36 = SET IN A MASSIVE STRUCTURE,20160326,GOOD,INDIV,2.424
20260103,http://www.ngs.noaa.gov/cgi-bin/ds_mark.prl?PidBox=TU0318,TU0318,C 12,21.2608777778,-157.7898527778,HI,HONOLULU,DB = BENCH MARK DISK,36 = SET IN A MASSIVE STRUCTURE,20140323,GOOD,GEOCAC,2.538
20260103,http://www.ngs.noaa.gov/cgi-bin/ds_mark.prl?PidBox=TU0463,TU0463,C 13,21.3524444444,-157.8577222222,HI,HONOLULU,DB = BENCH MARK DISK,31 = SET IN A PAVEMENT SUCH AS STREET SIDEWALK CURB ETC.,20160301,GOOD,GEOCAC,92.179
20260103,http://www.ngs.noaa.gov/cgi-bin/ds_mark.prl?PidBox=TU0619,TU0619,C 14,21.3580666667,-158.1304694444,HI,HONOLULU,DB = BENCH MARK DISK,38 = SET IN THE ABUTMENT OR PIER OF A LARGE BRIDGE,20150702,GOOD,HIROTA,3.778
20260103,http://www.ngs.noaa.gov/cgi-bin/ds_mark.prl?PidBox=TU0589,TU0589,C 15,21.5144166667,-158.0639444444,HI,HONOLULU,DB = BENCH MARK DISK,36 = SET IN A MASSIVE STRUCTURE,20150708,GOOD,HIROTA,288.106
20260103,http://www.ngs.noaa.gov/cgi-bin/ds_mark.prl?PidBox=TU0376,TU0376,C 16,21.4538888889,-157.8177777778,HI,HONOLULU,DB = BENCH MARK DISK,31 = SET IN A PAVEMENT SUCH AS STREET SIDEWALK CURB ETC.,20060315,SEE DESCRIPTION,HIDT,9.084
20260103,http://www.ngs.noaa.gov/cgi-bin/ds_mark.prl?PidBox=TU0035,TU0035,C 20,19.7211111111,-155.0847222222,HI,HAWAII,DV = VERTICAL CONTROL DISK,36 = SET IN A MASSIVE STRUCTURE,20110625,MARK NOT FOUND,GEOCAC,5.114
20260103,http://www.ngs.noaa.gov/cgi-bin/ds_mark.prl?PidBox=TU0134,TU0134,C 21,19.4961111111,-155.5700000000,HI,HAWAII,DV = VERTICAL CONTROL DISK,66 = SET IN ROCK OUTCROP,1975,MONUMENTED,NGS,3922.634
20260103,http://www.ngs.noaa.gov/cgi-bin/ds_mark.prl?PidBox=TU0926,TU0926,C 22,20.7563888889,-155.9819444444,HI,MAUI,DB = BENCH MARK DISK,36 = SET IN A MASSIVE STRUCTURE,1979,MONUMENTED,NGS,2.549
20260103,http://www.ngs.noaa.gov/cgi-bin/ds_mark.prl?PidBox=TU0886,TU0886,C 23,20.6544444444,-156.4261111111,HI,MAUI,DV = VERTICAL CONTROL DISK,66 = SET IN ROCK OUTCROP,1979,MONUMENTED,NGS,147.338
20260103,http://www.ngs.noaa.gov/cgi-bin/ds_mark.prl?PidBox=TU0916,TU0916,C 24,20.8570944444,-156.3637361111,HI,MAUI,DV = VERTICAL CONTROL DISK,38 = SET IN THE ABUTMENT OR PIER OF A LARGE BRIDGE,20170209,GOOD,HIROTA,249.073
20260103,http://www.ngs.noaa.gov/cgi-bin/ds_mark.prl?PidBox=TU0378,TU0378,C 4 RESET,21.4585000000,-157.8332500000,HI,HONOLULU,DB = BENCH MARK DISK,7 = SET IN TOP OF CONCRETE MONUMENT,20160219,GOOD,GEOCAC,13.187
20260103,http://www.ngs.noaa.gov/cgi-bin/ds_mark.prl?PidBox=TU0296,TU0296,C 5,21.2919444444,-157.8491666667,HI,HONOLULU,DB = BENCH MARK DISK,7 = SET IN TOP OF CONCRETE MONUMENT,20060624,SEE DESCRIPTION,HIDT,1.666
20260103,http://www.ngs.noaa.gov/cgi-bin/ds_mark.prl?PidBox=TU0297,TU0297,C 5 RESET,21.2916666667,-157.8494444444,HI,HONOLULU,DB = BENCH MARK DISK,31 = SET IN A PAVEMENT SUCH AS STREET SIDEWALK CURB ETC.,20060624,SEE DESCRIPTION,HIDT,1.100
20260103,http://www.ngs.noaa.gov/cgi-bin/ds_mark.prl?PidBox=TU0207,TU0207,C 6,20.8563888889,-156.3855555556,HI,MAUI,DB = BENCH MARK DISK,7 = SET IN TOP OF CONCRETE MONUMENT,1968,GOOD,CGS,143.505
20260103,http://www.ngs.noaa.gov/cgi-bin/ds_mark.prl?PidBox=TU2977,TU2977,CAA INCLOSURE SE COR 1950,20.7770401083,-156.4500406500,HI,MAUI,,,1950,MONUMENTED,CGS,39.
20260103,http://www.ngs.noaa.gov/cgi-bin/ds_mark.prl?PidBox=TU3415,TU3415,CAB,21.1036928028,-157.0727698028,HI,MAUI,,,1962,MARK NOT FOUND,CGS,
20260103,http://www.ngs.noaa.gov/cgi-bin/ds_mark.prl?PidBox=TU0720,TU0720,CABLE RM 1,22.0289888889,-159.7831805556,HI,KAUAI,DR = REFERENCE MARK DISK,16 = (FASTENED TO) A METAL ROD WITH BASE PLATE BURIED/SCREWED INTO GROUND,1965,GOOD,CGS,8.151
20260103,http://www.ngs.noaa.gov/cgi-bin/ds_mark.prl?PidBox=TU1576,TU1576,CACTUS,21.5635606028,-158.2452913194,HI,HONOLULU,DS = TRIANGULATION STATION DISK,80 = SET IN A BOULDER,1967,GOOD,CGS,411.4
20260103,http://www.ngs.noaa.gov/cgi-bin/ds_mark.prl?PidBox=TU1941,TU1941,CADDIE,22.0263310861,-159.3391043611,HI,KAUAI,DS = TRIANGULATION STATION DISK,7 = SET IN TOP OF CONCRETE MONUMENT,19980827,MARK NOT FOUND,USPSQD,6.
20260103,http://www.ngs.noaa.gov/cgi-bin/ds_mark.prl?PidBox=TU1505,TU1505,CAIN,21.6250958444,-158.0579665944,HI,HONOLULU,Z = SEE DESCRIPTION,,1964,MARK NOT FOUND,CGS,96.
20260103,http://www.ngs.noaa.gov/cgi-bin/ds_mark.prl?PidBox=TU2477,TU2477,CAIRN,19.1169751889,-155.9142335917,HI,HAWAII,72 = CAIRN,,1968,SEE DESCRIPTION,CGS,
20260103,http://www.ngs.noaa.gov/cgi-bin/ds_mark.prl?PidBox=TU2704,TU2704,CAIRN,20.1363135417,-155.8044204528,HI,HAWAII,72 = CAIRN,,1967,GOOD,CGS,
20260103,http://www.ngs.noaa.gov/cgi-bin/ds_mark.prl?PidBox=TU3218,TU3218,CAIRN ON HILL,20.7659066639,-156.8882616750,HI,MAUI,,,1964,GOOD,CGS,
20260103,http://www.ngs.noaa.gov/cgi-bin/ds_mark.prl?PidBox=TU1548,TU1548,CAMP,21.5682101250,-158.2042607000,HI,HONOLULU,DS = TRIANGULATION STATION DISK,21 = SET IN CONCRETE IN A CLAY TILE PIPE,1964,GOOD,CGS,319.
20260103,http://www.ngs.noaa.gov/cgi-bin/ds_mark.prl?PidBox=TU1560,TU1560,CAMP ERDMAN FLAGPOLE,21.5791545278,-158.2238676139,HI,HONOLULU,62 = FLAGPOLE,,UNK,FIRST OBSERVED,,
20260103,http://www.ngs.noaa.gov/cgi-bin/ds_mark.prl?PidBox=TU2280,TU2280,CAMP INC CABLE TV MAST,19.5202899806,-155.2991443833,HI,HAWAII,42 = RADIO/TV MAST,,1977,FIRST OBSERVED,NGS,
20260103,http://www.ngs.noaa.gov/cgi-bin/ds_mark.prl?PidBox=TU1500,TU1500,CAMP PUPUKEA,21.6419776389,-158.0248872833,HI,HONOLULU,DO = NOT SPECIFIED OR SEE DESCRIPTION,7 = SET IN TOP OF CONCRETE MONUMENT,1969,MONUMENTED,CGS,299.7
20260103,http://www.ngs.noaa.gov/cgi-bin/ds_mark.prl?PidBox=TU0728,TU0728,CANE,22.0264055194,-159.7820849444,HI,KAUAI,DS = TRIANGULATION STATION DISK,7 = SET IN TOP OF CONCRETE MONUMENT,1983,GOOD,USPSQD,4.464
20260103,http://www.ngs.noaa.gov/cgi-bin/ds_mark.prl?PidBox=TU1835,TU1835,CANE,21.9626819167,-159.6645713972,HI,KAUAI,DS = TRIANGULATION STATION DISK,66 = SET IN ROCK OUTCROP,20050926,MARK NOT FOUND,USPSQD,85.
20260103,http://www.ngs.noaa.gov/cgi-bin/ds_mark.prl?PidBox=TU3395,TU3395,CANE,21.0837349417,-157.0130005167,HI,MAUI,,,1962,MARK NOT FOUND,CGS,
20260103,http://www.ngs.noaa.gov/cgi-bin/ds_mark.prl?PidBox=TU2046,TU2046,CANUTE H N,22.0623858750,-159.7827749056,HI,KAUAI,DD = SURVEY DISK,7 = SET IN TOP OF CONCRETE MONUMENT,1983,GOOD,USPSQD,31.5
20260103,http://www.ngs.noaa.gov/cgi-bin/ds_mark.prl?PidBox=TU1846,TU1846,CANYON B,21.9929208333,-159.6746276861,HI,KAUAI,DD = SURVEY DISK,17 = SET INTO TOP OF METAL PIPE DRIVEN INTO GROUND,20190329,GOOD,DWELLM,393.
20260103,http://www.ngs.noaa.gov/cgi-bin/ds_mark.prl?PidBox=TU2114,TU2114,CAPE KUMUKAHI LIGHTHOUSE,19.5163285306,-154.8108522889,HI,HAWAII,13 = LIGHTHOUSE,,20110624,GOOD,GEOCAC,
20260103,http://www.ngs.noaa.gov/cgi-bin/ds_mark.prl?PidBox=TU1064,TU1064,CAPE RESET,21.4242962361,-157.7392133556,HI,HONOLULU,DS = TRIANGULATION STATION DISK,7 = SET IN TOP OF CONCRETE MONUMENT,1966,GOOD,CGS,11.
20260103,http://www.ngs.noaa.gov/cgi-bin/ds_mark.prl?PidBox=TU2538,TU2538,CAPTAIN COOKS MONUMENT,19.4812796139,-155.9334049278,HI,HAWAII,70 = MONUMENT,,20061023,GOOD,GEOCAC,
20260103,http://www.ngs.noaa.gov/cgi-bin/ds_mark.prl?PidBox=TU2912,TU2912,CAR,20.6640602694,-156.4420494944,HI,MAUI,,,1968,MARK NOT FOUND,CGS,1.
20260103,http://www.ngs.noaa.gov/cgi-bin/ds_mark.prl?PidBox=TU2493,TU2493,CAROL,19.3928959444,-155.8692076444,HI,HAWAII,Z = SEE DESCRIPTION,0 = UNSPECIFIED SETTING,1972,MONUMENTED,NGS,427.3
20260103,http://www.ngs.noaa.gov/cgi-bin/ds_mark.prl?PidBox=TU2738,TU2738,CAST,20.1917995306,-155.8948680000,HI,HAWAII,Z = SEE DESCRIPTION,17 = SET INTO TOP OF METAL PIPE DRIVEN INTO GROUND,1970,GOOD,NGS,78.8
20260103,http://www.ngs.noaa.gov/cgi-bin/ds_mark.prl?PidBox=TU1063,TU1063,CASTLE,21.4554550222,-157.7387685694,HI,HONOLULU,DS = TRIANGULATION STATION DISK,7 = SET IN TOP OF CONCRETE MONUMENT,1976,GOOD,NGS,12.
20260103,http://www.ngs.noaa.gov/cgi-bin/ds_mark.prl?PidBox=TU2721,TU2721,CATHOLIC CH E CROSS ON BELFRY,20.2380262944,-155.8342810639,HI,HAWAII,91 = CHURCH CROSS,,1967,GOOD,CGS,
20260103,http://www.ngs.noaa.gov/cgi-bin/ds_mark.prl?PidBox=TU2722,TU2722,CATHOLIC CH W CROSS ON BELFRY,20.2380249361,-155.8343095500,HI,HAWAII,91 = CHURCH CROSS,,20110627,GOOD,GEOCAC,
20260103,http://www.ngs.noaa.gov/cgi-bin/ds_mark.prl?PidBox=TU3046,TU3046,CATHOLIC CHURCH,20.8927814500,-156.4970710861,HI,MAUI,90 = CHURCH SPIRE,,20040914,GOOD,USPSQD,
20260103,http://www.ngs.noaa.gov/cgi-bin/ds_mark.prl?PidBox=TU2023,TU2023,CAVERN,22.0813931667,-159.7507968889,HI,KAUAI,DS = TRIANGULATION STATION DISK,66 = SET IN ROCK OUTCROP,1966,GOOD,CGS,93.0
20260103,http://www.ngs.noaa.gov/cgi-bin/ds_mark.prl?PidBox=TU1700,TU1700,CC 177,21.4603596306,-158.2133447500,HI,HONOLULU,DS = TRIANGULATION STATION DISK,66 = SET IN ROCK OUTCROP,200810,GOOD,LOCSUR,71.57
20260103,http://www.ngs.noaa.gov/cgi-bin/ds_mark.prl?PidBox=DI2786,DI2786,CENTER FIELD,21.3061237278,-158.0310964222,HI,HONOLULU,DD = SURVEY DISK,0 = UNSPECIFIED SETTING,20060620,MONUMENTED,HIDT,2.96
20260103,http://www.ngs.noaa.gov/cgi-bin/ds_mark.prl?PidBox=DI2807,DI2807,CHIGUI,21.3703533889,-157.9172651806,HI,HONOLULU,DD = SURVEY DISK,,20150806,GOOD,PAREN,25.413
20260103,http://www.ngs.noaa.gov/cgi-bin/ds_mark.prl?PidBox=TU1071,TU1071,CHISELED CROSS,21.3957380528,-157.7203325361,HI,HONOLULU,X = CHISELED CROSS,66 = SET IN ROCK OUTCROP,1963,MONUMENTED,CGS,6.
