DATA_DATE,DATA_SRCE,PID,NAME,DEC_LAT,DEC_LON,STATE,COUNTY,MARKER,SETTING,LAST_RECV,LAST_COND,LAST_RECBY,ORTHO_HT
20260103,http://www.ngs.noaa.gov/cgi-bin/ds_mark.prl?PidBox=HB0214,HB0214,0+36 A,37.0200000000,-88.2253027778,KY,LIVINGSTON,DD = SURVEY DISK,31 = SET IN A PAVEMENT SUCH AS STREET SIDEWALK CURB ETC.,1968,GOOD,CGS,116.211
20260103,http://www.ngs.noaa.gov/cgi-bin/ds_mark.prl?PidBox=DR9076,DR9076,0001 AZ 2,37.8835554667,-84.3999444611,KY,FAYETTE,DZ = AZIMUTH MARK DISK,7 = SET IN TOP OF CONCRETE MONUMENT,20200325,GOOD,LFUCG,295.50
20260103,http://www.ngs.noaa.gov/cgi-bin/ds_mark.prl?PidBox=DR9038,DR9038,0001 AZI,37.8867427139,-84.3978292778,KY,FAYETTE,DZ = AZIMUTH MARK DISK,7 = SET IN TOP OF CONCRETE MONUMENT,20200325,GOOD,LFUCG,288.40
20260103,http://www.ngs.noaa.gov/cgi-bin/ds_mark.prl?PidBox=DR3804,DR3804,0002 AZI 2,38.1111717722,-84.5504623444,KY,FAYETTE,DZ = AZIMUTH MARK DISK,7 = SET IN TOP OF CONCRETE MONUMENT,20190214,GOOD,LFUCG,278.80
20260103,http://www.ngs.noaa.gov/cgi-bin/ds_mark.prl?PidBox=DR3805,DR3805,0003 AZI 2,38.1028398806,-84.5247214639,KY,FAYETTE,DZ = AZIMUTH MARK DISK,7 = SET IN TOP OF CONCRETE MONUMENT,20190213,GOOD,LFUCG,290.13
20260103,http://www.ngs.noaa.gov/cgi-bin/ds_mark.prl?PidBox=DR3806,DR3806,0004 AZI 2,38.0977773750,-84.4863514389,KY,FAYETTE,DZ = AZIMUTH MARK DISK,7 = SET IN TOP OF CONCRETE MONUMENT,20181206,GOOD,LFUCG,285.03
20260103,http://www.ngs.noaa.gov/cgi-bin/ds_mark.prl?PidBox=DR3807,DR3807,0005 AZI 2,38.0972107028,-84.5540278278,KY,FAYETTE,DZ = AZIMUTH MARK DISK,7 = SET IN TOP OF CONCRETE MONUMENT,20190219,GOOD,LFUCG,278.11
20260103,http://www.ngs.noaa.gov/cgi-bin/ds_mark.prl?PidBox=DR3808,DR3808,0006 AZI 2,38.0870823250,-84.5323745528,KY,FAYETTE,DZ = AZIMUTH MARK DISK,35 = SET IN A MAT FOUNDATION OR CONCRETE SLAB OTHER THAN PAVEMENT,20190717,GOOD,LFUCG,282.20
20260103,http://www.ngs.noaa.gov/cgi-bin/ds_mark.prl?PidBox=DR3809,DR3809,0007 A AZI 2,38.1043335083,-84.5151902833,KY,FAYETTE,DZ = AZIMUTH MARK DISK,7 = SET IN TOP OF CONCRETE MONUMENT,20181219,GOOD,LFUCG,291.79
20260103,http://www.ngs.noaa.gov/cgi-bin/ds_mark.prl?PidBox=DR3810,DR3810,0014 AZI 2,38.0767809083,-84.5069922361,KY,FAYETTE,DZ = AZIMUTH MARK DISK,7 = SET IN TOP OF CONCRETE MONUMENT,20190213,GOOD,LFUCG,300.88
20260103,http://www.ngs.noaa.gov/cgi-bin/ds_mark.prl?PidBox=DR3836,DR3836,0016 AZI 2,38.0633495694,-84.4548277361,KY,FAYETTE,DZ = AZIMUTH MARK DISK,7 = SET IN TOP OF CONCRETE MONUMENT,20190207,GOOD,LFUCG,307.51
20260103,http://www.ngs.noaa.gov/cgi-bin/ds_mark.prl?PidBox=DR3811,DR3811,0019 AZI 2,38.0498946222,-84.4389436000,KY,FAYETTE,DZ = AZIMUTH MARK DISK,7 = SET IN TOP OF CONCRETE MONUMENT,20190207,GOOD,LFUCG,289.00
20260103,http://www.ngs.noaa.gov/cgi-bin/ds_mark.prl?PidBox=DR3812,DR3812,0023 AZI,38.0482382972,-84.5394503889,KY,FAYETTE,DZ = AZIMUTH MARK DISK,31 = SET IN A PAVEMENT SUCH AS STREET SIDEWALK CURB ETC.,20190416,GOOD,LFUCG,277.85
20260103,http://www.ngs.noaa.gov/cgi-bin/ds_mark.prl?PidBox=DR3813,DR3813,0026 AZI,38.0289736111,-84.5623583389,KY,FAYETTE,DZ = AZIMUTH MARK DISK,7 = SET IN TOP OF CONCRETE MONUMENT,20190807,GOOD,LFUCG,300.47
20260103,http://www.ngs.noaa.gov/cgi-bin/ds_mark.prl?PidBox=DR3814,DR3814,0027 AZI 2,38.0360167167,-84.5521620583,KY,FAYETTE,DZ = AZIMUTH MARK DISK,31 = SET IN A PAVEMENT SUCH AS STREET SIDEWALK CURB ETC.,20190501,GOOD,LFUCG,295.07
20260103,http://www.ngs.noaa.gov/cgi-bin/ds_mark.prl?PidBox=DR9039,DR9039,0029 AZI,37.9432004111,-84.5008036972,KY,FAYETTE,DZ = AZIMUTH MARK DISK,31 = SET IN A PAVEMENT SUCH AS STREET SIDEWALK CURB ETC.,20200326,GOOD,LFUCG,270.32
20260103,http://www.ngs.noaa.gov/cgi-bin/ds_mark.prl?PidBox=DR3815,DR3815,0030 AZI,38.0323322944,-84.4813790944,KY,FAYETTE,DZ = AZIMUTH MARK DISK,31 = SET IN A PAVEMENT SUCH AS STREET SIDEWALK CURB ETC.,20190717,GOOD,LFUCG,312.48
20260103,http://www.ngs.noaa.gov/cgi-bin/ds_mark.prl?PidBox=DR3816,DR3816,0031 AZI 2,38.0342735306,-84.4607301944,KY,FAYETTE,DZ = AZIMUTH MARK DISK,7 = SET IN TOP OF CONCRETE MONUMENT,20190724,GOOD,LFUCG,315.04
20260103,http://www.ngs.noaa.gov/cgi-bin/ds_mark.prl?PidBox=DR3840,DR3840,0032 AZI 2,38.0425534972,-84.4485095611,KY,FAYETTE,DZ = AZIMUTH MARK DISK,31 = SET IN A PAVEMENT SUCH AS STREET SIDEWALK CURB ETC.,20190321,GOOD,LFUCG,305.01
20260103,http://www.ngs.noaa.gov/cgi-bin/ds_mark.prl?PidBox=DR3818,DR3818,0033 AZI 2,38.0469683583,-84.4218600833,KY,FAYETTE,DZ = AZIMUTH MARK DISK,7 = SET IN TOP OF CONCRETE MONUMENT,20190313,GOOD,LFUCG,290.77
20260103,http://www.ngs.noaa.gov/cgi-bin/ds_mark.prl?PidBox=DR3819,DR3819,0035 AZI,38.0211503639,-84.4717935167,KY,FAYETTE,DZ = AZIMUTH MARK DISK,34 = SET IN THE FOOTINGS OF SMALL/MEDIUM STRUCTURES,20190807,GOOD,LFUCG,311.45
20260103,http://www.ngs.noaa.gov/cgi-bin/ds_mark.prl?PidBox=DR3820,DR3820,0041 AZI,38.0201873556,-84.5754296111,KY,FAYETTE,DZ = AZIMUTH MARK DISK,31 = SET IN A PAVEMENT SUCH AS STREET SIDEWALK CURB ETC.,20190508,GOOD,LFUCG,286.00
20260103,http://www.ngs.noaa.gov/cgi-bin/ds_mark.prl?PidBox=DR9040,DR9040,0043 AZI,38.0023380611,-84.5717696111,KY,FAYETTE,DZ = AZIMUTH MARK DISK,31 = SET IN A PAVEMENT SUCH AS STREET SIDEWALK CURB ETC.,20200430,GOOD,LFUCG,295.84
20260103,http://www.ngs.noaa.gov/cgi-bin/ds_mark.prl?PidBox=DR9041,DR9041,0046 AZI,38.0024412917,-84.4806424361,KY,FAYETTE,DZ = AZIMUTH MARK DISK,31 = SET IN A PAVEMENT SUCH AS STREET SIDEWALK CURB ETC.,20200323,GOOD,LFUCG,312.54
20260103,http://www.ngs.noaa.gov/cgi-bin/ds_mark.prl?PidBox=DR9077,DR9077,0046 AZI 2,38.0002196667,-84.4780147583,KY,FAYETTE,DZ = AZIMUTH MARK DISK,31 = SET IN A PAVEMENT SUCH AS STREET SIDEWALK CURB ETC.,20200323,GOOD,LFUCG,302.10
20260103,http://www.ngs.noaa.gov/cgi-bin/ds_mark.prl?PidBox=DM4267,DM4267,0048 2 AZI,38.0102214139,-84.4209303972,KY,FAYETTE,DZ = AZIMUTH MARK DISK,31 = SET IN A PAVEMENT SUCH AS STREET SIDEWALK CURB ETC.,20190329,GOOD,LFUCG,311.88
20260103,http://www.ngs.noaa.gov/cgi-bin/ds_mark.prl?PidBox=DR9042,DR9042,0050 AZI,37.9875041111,-84.4300961083,KY,FAYETTE,DZ = AZIMUTH MARK DISK,31 = SET IN A PAVEMENT SUCH AS STREET SIDEWALK CURB ETC.,20200323,GOOD,LFUCG,299.51
20260103,http://www.ngs.noaa.gov/cgi-bin/ds_mark.prl?PidBox=DR9045,DR9045,0056 AZI 2,37.9877933556,-84.5651180917,KY,FAYETTE,DZ = AZIMUTH MARK DISK,7 = SET IN TOP OF CONCRETE MONUMENT,20200428,GOOD,LFUCG,283.36
20260103,http://www.ngs.noaa.gov/cgi-bin/ds_mark.prl?PidBox=DR9078,DR9078,0056 AZI 4,37.9920117917,-84.5700299167,KY,FAYETTE,DZ = AZIMUTH MARK DISK,7 = SET IN TOP OF CONCRETE MONUMENT,20200428,GOOD,LFUCG,287.25
20260103,http://www.ngs.noaa.gov/cgi-bin/ds_mark.prl?PidBox=DR9046,DR9046,0058 AZ 3,37.9806864111,-84.5429121944,KY,FAYETTE,DZ = AZIMUTH MARK DISK,7 = SET IN TOP OF CONCRETE MONUMENT,20200709,GOOD,LFUCG,309.15
20260103,http://www.ngs.noaa.gov/cgi-bin/ds_mark.prl?PidBox=DR9047,DR9047,0059 AZI,37.9849655222,-84.5263631778,KY,FAYETTE,DD = SURVEY DISK,7 = SET IN TOP OF CONCRETE MONUMENT,20200709,GOOD,LFUCG,315.19
20260103,http://www.ngs.noaa.gov/cgi-bin/ds_mark.prl?PidBox=DR9048,DR9048,0060 AZI,37.9876132694,-84.4941966306,KY,FAYETTE,DZ = AZIMUTH MARK DISK,31 = SET IN A PAVEMENT SUCH AS STREET SIDEWALK CURB ETC.,20200324,GOOD,LFUCG,282.28
20260103,http://www.ngs.noaa.gov/cgi-bin/ds_mark.prl?PidBox=DR9049,DR9049,0062 AZI 2,37.9821862361,-84.4614429944,KY,FAYETTE,DZ = AZIMUTH MARK DISK,31 = SET IN A PAVEMENT SUCH AS STREET SIDEWALK CURB ETC.,20200325,GOOD,LFUCG,300.16
20260103,http://www.ngs.noaa.gov/cgi-bin/ds_mark.prl?PidBox=DR9050,DR9050,0064 AZI 2,37.9661285417,-84.4849459083,KY,FAYETTE,DZ = AZIMUTH MARK DISK,7 = SET IN TOP OF CONCRETE MONUMENT,20200901,GOOD,LFUCG,299.25
20260103,http://www.ngs.noaa.gov/cgi-bin/ds_mark.prl?PidBox=DR9051,DR9051,0065 AZI 2,37.9686130944,-84.5005866611,KY,FAYETTE,DZ = AZIMUTH MARK DISK,31 = SET IN A PAVEMENT SUCH AS STREET SIDEWALK CURB ETC.,20200325,GOOD,LFUCG,280.54
20260103,http://www.ngs.noaa.gov/cgi-bin/ds_mark.prl?PidBox=DR9052,DR9052,0066 AZI 2,37.9756888889,-84.5287623889,KY,FAYETTE,DZ = AZIMUTH MARK DISK,7 = SET IN TOP OF CONCRETE MONUMENT,20200325,GOOD,LFUCG,309.48
20260103,http://www.ngs.noaa.gov/cgi-bin/ds_mark.prl?PidBox=DR9053,DR9053,0067 AZI,37.9664994083,-84.5344354806,KY,FAYETTE,DZ = AZIMUTH MARK DISK,31 = SET IN A PAVEMENT SUCH AS STREET SIDEWALK CURB ETC.,20200430,GOOD,LFUCG,309.09
20260103,http://www.ngs.noaa.gov/cgi-bin/ds_mark.prl?PidBox=DR9055,DR9055,0069 A AZI,37.9630112194,-84.4948634000,KY,FAYETTE,DZ = AZIMUTH MARK DISK,35 = SET IN A MAT FOUNDATION OR CONCRETE SLAB OTHER THAN PAVEMENT,20200709,GOOD,LFUCG,280.36
20260103,http://www.ngs.noaa.gov/cgi-bin/ds_mark.prl?PidBox=DR3821,DR3821,0073 AZI,38.0602006139,-84.5298013139,KY,FAYETTE,DZ = AZIMUTH MARK DISK,38 = SET IN THE ABUTMENT OR PIER OF A LARGE BRIDGE,20190221,GOOD,LFUCG,273.82
20260103,http://www.ngs.noaa.gov/cgi-bin/ds_mark.prl?PidBox=DR3822,DR3822,0074 AZI 2,38.1303999444,-84.4869155889,KY,FAYETTE,DD = SURVEY DISK,7 = SET IN TOP OF CONCRETE MONUMENT,20181206,GOOD,LFUCG,280.85
20260103,http://www.ngs.noaa.gov/cgi-bin/ds_mark.prl?PidBox=DR3823,DR3823,0083 AZI 2,38.1227787222,-84.5429080278,KY,FAYETTE,DZ = AZIMUTH MARK DISK,7 = SET IN TOP OF CONCRETE MONUMENT,20181211,GOOD,LFUCG,292.90
20260103,http://www.ngs.noaa.gov/cgi-bin/ds_mark.prl?PidBox=DR3825,DR3825,0088 AZI,38.1606176333,-84.4128455500,KY,FAYETTE,DZ = AZIMUTH MARK DISK,7 = SET IN TOP OF CONCRETE MONUMENT,20191111,GOOD,LFUCG,295.66
20260103,http://www.ngs.noaa.gov/cgi-bin/ds_mark.prl?PidBox=DR3826,DR3826,0095 AZI,38.0291213194,-84.3320568583,KY,FAYETTE,DZ = AZIMUTH MARK DISK,7 = SET IN TOP OF CONCRETE MONUMENT,20190112,GOOD,LFUCG,313.95
20260103,http://www.ngs.noaa.gov/cgi-bin/ds_mark.prl?PidBox=DR3827,DR3827,0096 AZI 2,38.0306394111,-84.3641753111,KY,FAYETTE,DZ = AZIMUTH MARK DISK,7 = SET IN TOP OF CONCRETE MONUMENT,20190128,GOOD,LFUCG,303.96
20260103,http://www.ngs.noaa.gov/cgi-bin/ds_mark.prl?PidBox=DR3839,DR3839,0096 AZI 3,38.0297829778,-84.3552154778,KY,FAYETTE,DZ = AZIMUTH MARK DISK,7 = SET IN TOP OF CONCRETE MONUMENT,20190128,GOOD,LFUCG,311.68
20260103,http://www.ngs.noaa.gov/cgi-bin/ds_mark.prl?PidBox=DR3828,DR3828,0097 AZI 2,38.0157100056,-84.3817581639,KY,FAYETTE,DZ = AZIMUTH MARK DISK,7 = SET IN TOP OF CONCRETE MONUMENT,20190321,GOOD,LFUCG,307.74
20260103,http://www.ngs.noaa.gov/cgi-bin/ds_mark.prl?PidBox=DR3829,DR3829,0098 AZI 2,38.1839244500,-84.4894351611,KY,FAYETTE,DZ = AZIMUTH MARK DISK,7 = SET IN TOP OF CONCRETE MONUMENT,20181211,GOOD,LFUCG,257.24
20260103,http://www.ngs.noaa.gov/cgi-bin/ds_mark.prl?PidBox=DR9057,DR9057,0099 AZI 2,37.9844120444,-84.4263652306,KY,FAYETTE,DZ = AZIMUTH MARK DISK,7 = SET IN TOP OF CONCRETE MONUMENT,20200322,GOOD,LFUCG,310.12
20260103,http://www.ngs.noaa.gov/cgi-bin/ds_mark.prl?PidBox=DR9079,DR9079,0100 AZI 2,37.9937779361,-84.3600720889,KY,FAYETTE,DZ = AZIMUTH MARK DISK,7 = SET IN TOP OF CONCRETE MONUMENT,20200324,GOOD,LFUCG,301.60
20260103,http://www.ngs.noaa.gov/cgi-bin/ds_mark.prl?PidBox=DR9059,DR9059,0102 AZI,37.9574287139,-84.3780184000,KY,FAYETTE,DZ = AZIMUTH MARK DISK,7 = SET IN TOP OF CONCRETE MONUMENT,20200323,GOOD,LFUCG,302.78
20260103,http://www.ngs.noaa.gov/cgi-bin/ds_mark.prl?PidBox=DR9060,DR9060,0103 A AZI 2,37.9627767389,-84.3892326778,KY,FAYETTE,DZ = AZIMUTH MARK DISK,31 = SET IN A PAVEMENT SUCH AS STREET SIDEWALK CURB ETC.,20200323,GOOD,LFUCG,312.77
20260103,http://www.ngs.noaa.gov/cgi-bin/ds_mark.prl?PidBox=DR9061,DR9061,0104 AZI,37.9699849194,-84.4223319778,KY,FAYETTE,DD = SURVEY DISK,7 = SET IN TOP OF CONCRETE MONUMENT,20200412,GOOD,LFUCG,309.60
20260103,http://www.ngs.noaa.gov/cgi-bin/ds_mark.prl?PidBox=DR9062,DR9062,0105 AZI,37.9688110556,-84.4479630306,KY,FAYETTE,DZ = AZIMUTH MARK DISK,31 = SET IN A PAVEMENT SUCH AS STREET SIDEWALK CURB ETC.,20200329,GOOD,LFUCG,286.64
20260103,http://www.ngs.noaa.gov/cgi-bin/ds_mark.prl?PidBox=DR9064,DR9064,0107 AZI 2,37.9522205333,-84.4865243361,KY,FAYETTE,DZ = AZIMUTH MARK DISK,7 = SET IN TOP OF CONCRETE MONUMENT,20200710,GOOD,LFUCG,289.96
20260103,http://www.ngs.noaa.gov/cgi-bin/ds_mark.prl?PidBox=DR9066,DR9066,0111 AZI,37.9357911139,-84.4072357361,KY,FAYETTE,DZ = AZIMUTH MARK DISK,7 = SET IN TOP OF CONCRETE MONUMENT,20200427,GOOD,LFUCG,316.05
20260103,http://www.ngs.noaa.gov/cgi-bin/ds_mark.prl?PidBox=DR9068,DR9068,0114 AZI,37.9198328556,-84.4677618028,KY,FAYETTE,DZ = AZIMUTH MARK DISK,7 = SET IN TOP OF CONCRETE MONUMENT,20200710,GOOD,LFUCG,274.97
20260103,http://www.ngs.noaa.gov/cgi-bin/ds_mark.prl?PidBox=DR9069,DR9069,0115 AZI,37.8995982861,-84.4502296333,KY,FAYETTE,DZ = AZIMUTH MARK DISK,7 = SET IN TOP OF CONCRETE MONUMENT,20200428,GOOD,GRWAS,301.84
20260103,http://www.ngs.noaa.gov/cgi-bin/ds_mark.prl?PidBox=DR9071,DR9071,0118 AZI 2,37.9323269389,-84.4738052472,KY,FAYETTE,DZ = AZIMUTH MARK DISK,7 = SET IN TOP OF CONCRETE MONUMENT,20200709,GOOD,LFUCG,293.94
20260103,http://www.ngs.noaa.gov/cgi-bin/ds_mark.prl?PidBox=DR9072,DR9072,0119 AZI,37.9790736472,-84.4300820278,KY,FAYETTE,DZ = AZIMUTH MARK DISK,7 = SET IN TOP OF CONCRETE MONUMENT,20200325,GOOD,LFUCG,317.54
20260103,http://www.ngs.noaa.gov/cgi-bin/ds_mark.prl?PidBox=DR9073,DR9073,0122 AZI,37.9949418944,-84.4017082167,KY,FAYETTE,DZ = AZIMUTH MARK DISK,7 = SET IN TOP OF CONCRETE MONUMENT,20200323,GOOD,LFUCG,316.74
20260103,http://www.ngs.noaa.gov/cgi-bin/ds_mark.prl?PidBox=DR3830,DR3830,0123 AZI,38.0103632417,-84.3866347528,KY,FAYETTE,DZ = AZIMUTH MARK DISK,7 = SET IN TOP OF CONCRETE MONUMENT,20190328,GOOD,LFUCG,319.16
20260103,http://www.ngs.noaa.gov/cgi-bin/ds_mark.prl?PidBox=DR3831,DR3831,0124 AZI,38.0355319722,-84.3890708361,KY,FAYETTE,DZ = AZIMUTH MARK DISK,7 = SET IN TOP OF CONCRETE MONUMENT,20190129,GOOD,LFUCG,302.26
20260103,http://www.ngs.noaa.gov/cgi-bin/ds_mark.prl?PidBox=DR3832,DR3832,0126 AZI,38.0281352472,-84.4169201222,KY,FAYETTE,DZ = AZIMUTH MARK DISK,7 = SET IN TOP OF CONCRETE MONUMENT,20190327,GOOD,LFUCG,301.10
20260103,http://www.ngs.noaa.gov/cgi-bin/ds_mark.prl?PidBox=DR3833,DR3833,0127 AZI 2,38.0930184472,-84.4648034056,KY,FAYETTE,DZ = AZIMUTH MARK DISK,7 = SET IN TOP OF CONCRETE MONUMENT,20181128,GOOD,LFUCG,286.13
20260103,http://www.ngs.noaa.gov/cgi-bin/ds_mark.prl?PidBox=DR3834,DR3834,0131 AZI,38.0678447556,-84.5348118000,KY,FAYETTE,DZ = AZIMUTH MARK DISK,7 = SET IN TOP OF CONCRETE MONUMENT,20190221,GOOD,LFUCG,287.49
20260103,http://www.ngs.noaa.gov/cgi-bin/ds_mark.prl?PidBox=DR3835,DR3835,0132 AZI,38.0703662722,-84.5588598972,KY,FAYETTE,DZ = AZIMUTH MARK DISK,66 = SET IN ROCK OUTCROP,20190418,GOOD,LFUCG,275.61
20260103,http://www.ngs.noaa.gov/cgi-bin/ds_mark.prl?PidBox=DR9075,DR9075,0133 AZI,37.9968038861,-84.4018593694,KY,FAYETTE,DZ = AZIMUTH MARK DISK,31 = SET IN A PAVEMENT SUCH AS STREET SIDEWALK CURB ETC.,20200325,GOOD,LFUCG,314.09
20260103,http://www.ngs.noaa.gov/cgi-bin/ds_mark.prl?PidBox=DR9080,DR9080,0133 AZI 2,37.9954842417,-84.3932762083,KY,FAYETTE,DZ = AZIMUTH MARK DISK,7 = SET IN TOP OF CONCRETE MONUMENT,20200325,GOOD,LFUCG,320.19
20260103,http://www.ngs.noaa.gov/cgi-bin/ds_mark.prl?PidBox=DS2969,DS2969,0134 AZ 1,38.0266425806,-84.5308206667,KY,FAYETTE,DZ = AZIMUTH MARK DISK,31 = SET IN A PAVEMENT SUCH AS STREET SIDEWALK CURB ETC.,20240505,MONUMENTED,GRWAS,291.72
20260103,http://www.ngs.noaa.gov/cgi-bin/ds_mark.prl?PidBox=DS2970,DS2970,0134 AZ 2,38.0205811917,-84.5341527278,KY,FAYETTE,DZ = AZIMUTH MARK DISK,31 = SET IN A PAVEMENT SUCH AS STREET SIDEWALK CURB ETC.,20240505,MONUMENTED,GRWAS,297.58
20260103,http://www.ngs.noaa.gov/cgi-bin/ds_mark.prl?PidBox=DS2972,DS2972,0135 AZ 1,38.0011538194,-84.5754327611,KY,FAYETTE,DZ = AZIMUTH MARK DISK,31 = SET IN A PAVEMENT SUCH AS STREET SIDEWALK CURB ETC.,20240505,MONUMENTED,GRWAS,296.28
20260103,http://www.ngs.noaa.gov/cgi-bin/ds_mark.prl?PidBox=DS2973,DS2973,0135 AZ 2,38.0045651250,-84.5735314333,KY,FAYETTE,DZ = AZIMUTH MARK DISK,31 = SET IN A PAVEMENT SUCH AS STREET SIDEWALK CURB ETC.,20240505,MONUMENTED,GRWAS,298.00
20260103,http://www.ngs.noaa.gov/cgi-bin/ds_mark.prl?PidBox=DS2975,DS2975,0136 AZ 1,38.0501340444,-84.5014124056,KY,FAYETTE,DZ = AZIMUTH MARK DISK,31 = SET IN A PAVEMENT SUCH AS STREET SIDEWALK CURB ETC.,20240505,MONUMENTED,GRWAS,285.90
20260103,http://www.ngs.noaa.gov/cgi-bin/ds_mark.prl?PidBox=DS2976,DS2976,0136 AZ 2,38.0530140889,-84.5043280611,KY,FAYETTE,DZ = AZIMUTH MARK DISK,31 = SET IN A PAVEMENT SUCH AS STREET SIDEWALK CURB ETC.,20240920,MONUMENTED,GRWAS,290.86
20260103,http://www.ngs.noaa.gov/cgi-bin/ds_mark.prl?PidBox=GD0007,GD0007,1,36.9872222222,-88.2261111111,KY,LYON,DD = SURVEY DISK,7 = SET IN TOP OF CONCRETE MONUMENT,20030805,GOOD,KYDT,111.641
20260103,http://www.ngs.noaa.gov/cgi-bin/ds_mark.prl?PidBox=GY2697,GY2697,1 21 CWH,37.0291777778,-83.7143333333,KY,CLAY,DD = SURVEY DISK,66 = SET IN ROCK OUTCROP,1957,GOOD,CGS,305.257
20260103,http://www.ngs.noaa.gov/cgi-bin/ds_mark.prl?PidBox=GY2728,GY2728,1 73 CWH,37.0447361111,-83.6171055556,KY,CLAY,DD = SURVEY DISK,66 = SET IN ROCK OUTCROP,1957,POOR,CGS,506.460
20260103,http://www.ngs.noaa.gov/cgi-bin/ds_mark.prl?PidBox=HA0589,HA0589,1 BOLT,37.9002777778,-87.4941666667,KY,HENDERSON,B = BOLT,32 = SET IN A RETAINING WALL OR CONCRETE LEDGE,1964,GOOD,FAS,109.110
20260103,http://www.ngs.noaa.gov/cgi-bin/ds_mark.prl?PidBox=HA0588,HA0588,1 CAP,37.9002777778,-87.4941666667,KY,HENDERSON,P = PIPE CAP,17 = SET INTO TOP OF METAL PIPE DRIVEN INTO GROUND,1964,GOOD,FAS,110.347
20260103,http://www.ngs.noaa.gov/cgi-bin/ds_mark.prl?PidBox=GD0493,GD0493,10,36.7263888889,-89.1244444444,KY,HICKMAN,Z = SEE DESCRIPTION,9 = POST (STONE OR PRECAST CONCRETE),1943,MARK NOT FOUND,CGS,137.676
20260103,http://www.ngs.noaa.gov/cgi-bin/ds_mark.prl?PidBox=HA0300,HA0300,10,37.4508333333,-86.9080555556,KY,OHIO,C = CAP OF CAP-AND-BOLT PAIR,17 = SET INTO TOP OF METAL PIPE DRIVEN INTO GROUND,20020523,MARK NOT FOUND,KYDT,130.384
20260103,http://www.ngs.noaa.gov/cgi-bin/ds_mark.prl?PidBox=HZ1493,HZ1493,10,38.2600000000,-85.7963888889,KY,JEFFERSON,DD = SURVEY DISK,9 = POST (STONE OR PRECAST CONCRETE),1963,GOOD,CGS,137.275
20260103,http://www.ngs.noaa.gov/cgi-bin/ds_mark.prl?PidBox=GZ1228,GZ1228,10,37.9429548889,-84.5534620167,KY,JESSAMINE,DD = SURVEY DISK,9 = POST (STONE OR PRECAST CONCRETE),20070311,GOOD,INDIV,318.856
20260103,http://www.ngs.noaa.gov/cgi-bin/ds_mark.prl?PidBox=JA0312,JA0312,10 WA,38.1128305556,-86.3829805556,KY,MEADE,DD = SURVEY DISK,7 = SET IN TOP OF CONCRETE MONUMENT,1953,GOOD,CGS,132.117
20260103,http://www.ngs.noaa.gov/cgi-bin/ds_mark.prl?PidBox=AI8985,AI8985,100,39.0055057000,-84.6058819889,KY,KENTON,DD = SURVEY DISK,7 = SET IN TOP OF CONCRETE MONUMENT,2000,MONUMENTED,WOOLPT,265.5
20260103,http://www.ngs.noaa.gov/cgi-bin/ds_mark.prl?PidBox=GY0854,GY0854,1000,37.1422222222,-82.9772222222,KY,LETCHER,DD = SURVEY DISK,36 = SET IN A MASSIVE STRUCTURE,20020521,POOR,KYDT,304.388
20260103,http://www.ngs.noaa.gov/cgi-bin/ds_mark.prl?PidBox=AI9012,AI9012,100A,39.0065127139,-84.6071952361,KY,KENTON,DD = SURVEY DISK,7 = SET IN TOP OF CONCRETE MONUMENT,20240130,GOOD,GRWAS,265.5
20260103,http://www.ngs.noaa.gov/cgi-bin/ds_mark.prl?PidBox=AI8986,AI8986,101,39.0020018194,-84.6205467722,KY,BOONE,DD = SURVEY DISK,7 = SET IN TOP OF CONCRETE MONUMENT,2000,MONUMENTED,WOOLPT,280.1
20260103,http://www.ngs.noaa.gov/cgi-bin/ds_mark.prl?PidBox=GA2723,GA2723,1012,36.7617222222,-83.6954444444,KY,BELL,DB = BENCH MARK DISK,36 = SET IN A MASSIVE STRUCTURE,1975,GOOD,NGS,309.322
20260103,http://www.ngs.noaa.gov/cgi-bin/ds_mark.prl?PidBox=AI9013,AI9013,101A,39.0024592583,-84.6227531306,KY,BOONE,DD = SURVEY DISK,7 = SET IN TOP OF CONCRETE MONUMENT,2000,MONUMENTED,WOOLPT,274.3
20260103,http://www.ngs.noaa.gov/cgi-bin/ds_mark.prl?PidBox=AI8987,AI8987,103,38.9768787056,-84.6077607750,KY,KENTON,DD = SURVEY DISK,7 = SET IN TOP OF CONCRETE MONUMENT,2000,MONUMENTED,WOOLPT,268.3
20260103,http://www.ngs.noaa.gov/cgi-bin/ds_mark.prl?PidBox=GY0686,GY0686,1039,37.4869444444,-82.1880555556,KY,PIKE,DD = SURVEY DISK,80 = SET IN A BOULDER,1956,POOR,CGS,316.582
20260103,http://www.ngs.noaa.gov/cgi-bin/ds_mark.prl?PidBox=AI9014,AI9014,103A,38.9766615028,-84.6026862306,KY,KENTON,DD = SURVEY DISK,7 = SET IN TOP OF CONCRETE MONUMENT,2000,MONUMENTED,WOOLPT,256.7
20260103,http://www.ngs.noaa.gov/cgi-bin/ds_mark.prl?PidBox=GY1877,GY1877,104 EOM,37.8109500000,-83.0159805556,KY,MAGOFFIN,DB = BENCH MARK DISK,7 = SET IN TOP OF CONCRETE MONUMENT,19990319,MARK NOT FOUND,KYDT,275.398
20260103,http://www.ngs.noaa.gov/cgi-bin/ds_mark.prl?PidBox=HZ0747,HZ0747,104 JWM,38.7605555556,-84.8208333333,KY,GALLATIN,DD = SURVEY DISK,7 = SET IN TOP OF CONCRETE MONUMENT,1964,GOOD,CGS,156.749
20260103,http://www.ngs.noaa.gov/cgi-bin/ds_mark.prl?PidBox=AI8988,AI8988,105,38.9903495056,-84.5896071472,KY,KENTON,DD = SURVEY DISK,7 = SET IN TOP OF CONCRETE MONUMENT,2000,MONUMENTED,WOOLPT,260.0
20260103,http://www.ngs.noaa.gov/cgi-bin/ds_mark.prl?PidBox=HZ0744,HZ0744,105 JWM,38.7416666667,-84.8341666667,KY,GALLATIN,DD = SURVEY DISK,7 = SET IN TOP OF CONCRETE MONUMENT,1964,GOOD,CGS,185.364
20260103,http://www.ngs.noaa.gov/cgi-bin/ds_mark.prl?PidBox=GZ1330,GZ1330,1056,37.5205555556,-84.6936111111,KY,LINCOLN,DD = SURVEY DISK,7 = SET IN TOP OF CONCRETE MONUMENT,1981,GOOD,KYDT,321.759
20260103,http://www.ngs.noaa.gov/cgi-bin/ds_mark.prl?PidBox=HZ0632,HZ0632,106,38.8797222222,-84.7813888889,KY,BOONE,DD = SURVEY DISK,7 = SET IN TOP OF CONCRETE MONUMENT,1964,GOOD,CGS,142.347
20260103,http://www.ngs.noaa.gov/cgi-bin/ds_mark.prl?PidBox=GY2243,GY2243,1063,37.2686111111,-83.0658333333,KY,KNOTT,DB = BENCH MARK DISK,66 = SET IN ROCK OUTCROP,19960610,MARK NOT FOUND,KYDT,324.025
20260103,http://www.ngs.noaa.gov/cgi-bin/ds_mark.prl?PidBox=HA0473,HA0473,1065,37.8900502889,-86.5925805556,KY,BRECKINRIDGE,C = CAP OF CAP-AND-BOLT PAIR,17 = SET INTO TOP OF METAL PIPE DRIVEN INTO GROUND,1953,GOOD,CGS,121.737
20260103,http://www.ngs.noaa.gov/cgi-bin/ds_mark.prl?PidBox=HA0476,HA0476,1065 AZ MK,37.9000000000,-86.5886111111,KY,BRECKINRIDGE,DZ = AZIMUTH MARK DISK,7 = SET IN TOP OF CONCRETE MONUMENT,1953,GOOD,CGS,129.205
20260103,http://www.ngs.noaa.gov/cgi-bin/ds_mark.prl?PidBox=HA0472,HA0472,1065 RM 1,37.8902333333,-86.5921277778,KY,BRECKINRIDGE,DR = REFERENCE MARK DISK,7 = SET IN TOP OF CONCRETE MONUMENT,1953,GOOD,CGS,121.425
20260103,http://www.ngs.noaa.gov/cgi-bin/ds_mark.prl?PidBox=HA0474,HA0474,1065 RM 2,37.8902277778,-86.5930444444,KY,BRECKINRIDGE,DR = REFERENCE MARK DISK,7 = SET IN TOP OF CONCRETE MONUMENT,1953,GOOD,CGS,121.195
20260103,http://www.ngs.noaa.gov/cgi-bin/ds_mark.prl?PidBox=GY1889,GY1889,107 EOM,37.6993500000,-83.0241583333,KY,MAGOFFIN,DB = BENCH MARK DISK,7 = SET IN TOP OF CONCRETE MONUMENT,19990319,MARK NOT FOUND,KYDT,324.549
20260103,http://www.ngs.noaa.gov/cgi-bin/ds_mark.prl?PidBox=GY1892,GY1892,108 EOM,37.6751194444,-83.0220472222,KY,MAGOFFIN,DB = BENCH MARK DISK,36 = SET IN A MASSIVE STRUCTURE,20120206,GOOD,INDIV,271.026
20260103,http://www.ngs.noaa.gov/cgi-bin/ds_mark.prl?PidBox=HA0445,HA0445,1087 BOLT,37.8911111111,-86.7061111111,KY,HANCOCK,B = BOLT,17 = SET INTO TOP OF METAL PIPE DRIVEN INTO GROUND,1954,GOOD,CGS,123.877
20260103,http://www.ngs.noaa.gov/cgi-bin/ds_mark.prl?PidBox=HA0444,HA0444,1087 CAP,37.8913888889,-86.7061111111,KY,HANCOCK,C = CAP OF CAP-AND-BOLT PAIR,17 = SET INTO TOP OF METAL PIPE DRIVEN INTO GROUND,1954,GOOD,CGS,124.801
20260103,http://www.ngs.noaa.gov/cgi-bin/ds_mark.prl?PidBox=GA1726,GA1726,1088,36.9894444444,-83.3275000000,KY,LESLIE,DD = SURVEY DISK,66 = SET IN ROCK OUTCROP,1956,POOR,CGS,331.474
20260103,http://www.ngs.noaa.gov/cgi-bin/ds_mark.prl?PidBox=GY1265,GY1265,1091,37.4027777778,-82.9672222222,KY,KNOTT,DD = SURVEY DISK,66 = SET IN ROCK OUTCROP,1956,POOR,CGS,332.312
20260103,http://www.ngs.noaa.gov/cgi-bin/ds_mark.prl?PidBox=HA0253,HA0253,11 RHP,37.0083333333,-86.3077777778,KY,WARREN,DD = SURVEY DISK,7 = SET IN TOP OF CONCRETE MONUMENT,1964,GOOD,PAS,168.203
20260103,http://www.ngs.noaa.gov/cgi-bin/ds_mark.prl?PidBox=GY1464,GY1464,110 EOM,37.6337000000,-82.9881750000,KY,MAGOFFIN,DB = BENCH MARK DISK,66 = SET IN ROCK OUTCROP,1956,MARK NOT FOUND,CGS,293.987
20260103,http://www.ngs.noaa.gov/cgi-bin/ds_mark.prl?PidBox=GY1466,GY1466,111 EOM,37.6109944444,-82.9852972222,KY,MAGOFFIN,DB = BENCH MARK DISK,7 = SET IN TOP OF CONCRETE MONUMENT,1956,GOOD,CGS,283.414
20260103,http://www.ngs.noaa.gov/cgi-bin/ds_mark.prl?PidBox=HZ0930,HZ0930,112 CAP,38.6822388889,-85.1801805556,KY,CARROLL,C = CAP OF CAP-AND-BOLT PAIR,17 = SET INTO TOP OF METAL PIPE DRIVEN INTO GROUND,20090728,GOOD,GRWAS,142.871
20260103,http://www.ngs.noaa.gov/cgi-bin/ds_mark.prl?PidBox=GY1469,GY1469,112 EOM,37.6004777778,-82.9595638889,KY,MAGOFFIN,DB = BENCH MARK DISK,66 = SET IN ROCK OUTCROP,1956,GOOD,CGS,287.395
20260103,http://www.ngs.noaa.gov/cgi-bin/ds_mark.prl?PidBox=HA0686,HA0686,1125 BOLT,37.8825000000,-87.0363888889,KY,DAVIESS,B = BOLT,31 = SET IN A PAVEMENT SUCH AS STREET SIDEWALK CURB ETC.,1953,GOOD,CGS,115.619
20260103,http://www.ngs.noaa.gov/cgi-bin/ds_mark.prl?PidBox=HA0685,HA0685,1125 CAP,37.8825000000,-87.0363888889,KY,DAVIESS,C = CAP OF CAP-AND-BOLT PAIR,17 = SET INTO TOP OF METAL PIPE DRIVEN INTO GROUND,1953,GOOD,CGS,116.560
20260103,http://www.ngs.noaa.gov/cgi-bin/ds_mark.prl?PidBox=GZ1422,GZ1422,113 JEM,37.5216666667,-85.3900000000,KY,MARION,DD = SURVEY DISK,7 = SET IN TOP OF CONCRETE MONUMENT,1951,GOOD,CGS,190.789
20260103,http://www.ngs.noaa.gov/cgi-bin/ds_mark.prl?PidBox=HA0651,HA0651,1139 BOLT,37.7766666667,-87.1325000000,KY,DAVIESS,B = BOLT,31 = SET IN A PAVEMENT SUCH AS STREET SIDEWALK CURB ETC.,1953,GOOD,CGS,121.273
20260103,http://www.ngs.noaa.gov/cgi-bin/ds_mark.prl?PidBox=HA0650,HA0650,1139 CAP,37.7766666667,-87.1325000000,KY,DAVIESS,C = CAP OF CAP-AND-BOLT PAIR,17 = SET INTO TOP OF METAL PIPE DRIVEN INTO GROUND,1953,GOOD,CGS,122.198
20260103,http://www.ngs.noaa.gov/cgi-bin/ds_mark.prl?PidBox=GZ1424,GZ1424,114 JEM,37.5441666667,-85.3747222222,KY,MARION,DD = SURVEY DISK,66 = SET IN ROCK OUTCROP,1951,GOOD,CGS,180.622
20260103,http://www.ngs.noaa.gov/cgi-bin/ds_mark.prl?PidBox=GY0882,GY0882,1156.4,37.1158333333,-82.8141666667,KY,LETCHER,Q = CHISELED SQUARE,36 = SET IN A MASSIVE STRUCTURE,1967,MARK NOT FOUND,USGS,352.203
20260103,http://www.ngs.noaa.gov/cgi-bin/ds_mark.prl?PidBox=HA0599,HA0599,1159 CAP,37.9316666667,-87.4047222222,KY,HENDERSON,P = PIPE CAP,17 = SET INTO TOP OF METAL PIPE DRIVEN INTO GROUND,1953,GOOD,CGS,113.177
20260103,http://www.ngs.noaa.gov/cgi-bin/ds_mark.prl?PidBox=GZ1605,GZ1605,116 JEM,37.4938888889,-85.4077777778,KY,MARION,DD = SURVEY DISK,7 = SET IN TOP OF CONCRETE MONUMENT,1951,GOOD,CGS,200.494
20260103,http://www.ngs.noaa.gov/cgi-bin/ds_mark.prl?PidBox=GA1463,GA1463,1167,36.8508333333,-83.3683333333,KY,HARLAN,DB = BENCH MARK DISK,36 = SET IN A MASSIVE STRUCTURE,1957,POOR,CGS,355.745
20260103,http://www.ngs.noaa.gov/cgi-bin/ds_mark.prl?PidBox=GY0830,GY0830,1168,37.2502777778,-82.5630555556,KY,PIKE,DB = BENCH MARK DISK,36 = SET IN A MASSIVE STRUCTURE,1956,POOR,CGS,355.906
20260103,http://www.ngs.noaa.gov/cgi-bin/ds_mark.prl?PidBox=GY1206,GY1206,1172,37.2127777778,-82.8500000000,KY,LETCHER,DD = SURVEY DISK,66 = SET IN ROCK OUTCROP,1956,POOR,CGS,357.131
20260103,http://www.ngs.noaa.gov/cgi-bin/ds_mark.prl?PidBox=GA1467,GA1467,1173,36.8586111111,-83.3294444444,KY,HARLAN,DB = BENCH MARK DISK,36 = SET IN A MASSIVE STRUCTURE,20010516,GOOD,KYDT,357.675
20260103,http://www.ngs.noaa.gov/cgi-bin/ds_mark.prl?PidBox=GA1672,GA1672,1178,36.9713888889,-83.2802777778,KY,LESLIE,DD = SURVEY DISK,66 = SET IN ROCK OUTCROP,1956,POOR,CGS,358.762
20260103,http://www.ngs.noaa.gov/cgi-bin/ds_mark.prl?PidBox=GY2197,GY2197,118 EOM,37.4991666667,-83.0922222222,KY,KNOTT,DD = SURVEY DISK,7 = SET IN TOP OF CONCRETE MONUMENT,1956,GOOD,CGS,270.678
20260103,http://www.ngs.noaa.gov/cgi-bin/ds_mark.prl?PidBox=HA1026,HA1026,1183 CAP,37.8588888889,-87.5780555556,KY,HENDERSON,P = PIPE CAP,17 = SET INTO TOP OF METAL PIPE DRIVEN INTO GROUND,1985,MARK NOT FOUND,NGS,139.966
20260103,http://www.ngs.noaa.gov/cgi-bin/ds_mark.prl?PidBox=HA1007,HA1007,1185 A CAP,37.8252777778,-87.6061111111,KY,HENDERSON,P = PIPE CAP,17 = SET INTO TOP OF METAL PIPE DRIVEN INTO GROUND,1985,MARK NOT FOUND,NGS,119.071
20260103,http://www.ngs.noaa.gov/cgi-bin/ds_mark.prl?PidBox=HB0143,HB0143,12 A,37.1958333333,-88.0869444444,KY,CRITTENDEN,Q = CHISELED SQUARE,36 = SET IN A MASSIVE STRUCTURE,1949,GOOD,CGS,112.455
20260103,http://www.ngs.noaa.gov/cgi-bin/ds_mark.prl?PidBox=GB0060,GB0060,12 KY,36.8806222222,-84.4965388889,KY,MCCREARY,P = PIPE CAP,17 = SET INTO TOP OF METAL PIPE DRIVEN INTO GROUND,1968,GOOD,CGS,363.091
20260103,http://www.ngs.noaa.gov/cgi-bin/ds_mark.prl?PidBox=GY0890,GY0890,1217.0,37.1452777778,-82.7705555556,KY,LETCHER,Q = CHISELED SQUARE,36 = SET IN A MASSIVE STRUCTURE,1967,MARK NOT FOUND,USGS,370.728
20260103,http://www.ngs.noaa.gov/cgi-bin/ds_mark.prl?PidBox=HA0957,HA0957,1221 BOLT,37.7683333333,-87.9666666667,KY,UNION,B = BOLT,31 = SET IN A PAVEMENT SUCH AS STREET SIDEWALK CURB ETC.,1963,GOOD,FAS,108.585
20260103,http://www.ngs.noaa.gov/cgi-bin/ds_mark.prl?PidBox=GA1696,GA1696,1229,36.8580555556,-83.2658333333,KY,HARLAN,DB = BENCH MARK DISK,36 = SET IN A MASSIVE STRUCTURE,20010514,MARK NOT FOUND,KYDT,375.824
20260103,http://www.ngs.noaa.gov/cgi-bin/ds_mark.prl?PidBox=HZ2535,HZ2535,123,38.6207697472,-84.8790240806,KY,OWEN,DB = BENCH MARK DISK,9 = POST (STONE OR PRECAST CONCRETE),1964,GOOD,CGS,274.53
20260103,http://www.ngs.noaa.gov/cgi-bin/ds_mark.prl?PidBox=GY0891,GY0891,1230.7,37.1622222222,-82.7550000000,KY,LETCHER,Q = CHISELED SQUARE,36 = SET IN A MASSIVE STRUCTURE,1967,MARK NOT FOUND,USGS,374.925
20260103,http://www.ngs.noaa.gov/cgi-bin/ds_mark.prl?PidBox=GY0897,GY0897,1246.6,37.1625000000,-82.7433333333,KY,LETCHER,Q = CHISELED SQUARE,36 = SET IN A MASSIVE STRUCTURE,1967,GOOD,CGS,379.791
20260103,http://www.ngs.noaa.gov/cgi-bin/ds_mark.prl?PidBox=HA1598,HA1598,125 JJS,37.1896591167,-87.3943719194,KY,HOPKINS,DB = BENCH MARK DISK,7 = SET IN TOP OF CONCRETE MONUMENT,1952,GOOD,CGS,140.90
20260103,http://www.ngs.noaa.gov/cgi-bin/ds_mark.prl?PidBox=GA1573,GA1573,1269,36.7841666667,-83.2355555556,KY,HARLAN,DB = BENCH MARK DISK,66 = SET IN ROCK OUTCROP,20080521,GOOD,GRWAS,386.595
20260103,http://www.ngs.noaa.gov/cgi-bin/ds_mark.prl?PidBox=HZ1979,HZ1979,128 RHP,38.3145833333,-84.5626111111,KY,SCOTT,DD = SURVEY DISK,32 = SET IN A RETAINING WALL OR CONCRETE LEDGE,20070610,GOOD,INDIV,280.572
20260103,http://www.ngs.noaa.gov/cgi-bin/ds_mark.prl?PidBox=GA1475,GA1475,1289,36.9277777778,-83.1622222222,KY,HARLAN,DB = BENCH MARK DISK,32 = SET IN A RETAINING WALL OR CONCRETE LEDGE,1956,POOR,CGS,392.991
20260103,http://www.ngs.noaa.gov/cgi-bin/ds_mark.prl?PidBox=HZ1977,HZ1977,129 RHP,38.3480000000,-84.5703055556,KY,SCOTT,DD = SURVEY DISK,32 = SET IN A RETAINING WALL OR CONCRETE LEDGE,20070610,MARK NOT FOUND,INDIV,260.607
20260103,http://www.ngs.noaa.gov/cgi-bin/ds_mark.prl?PidBox=HA0354,HA0354,13,37.7072328722,-86.5179183056,KY,BRECKINRIDGE,DD = SURVEY DISK,9 = POST (STONE OR PRECAST CONCRETE),1950,GOOD,CGS,205.839
20260103,http://www.ngs.noaa.gov/cgi-bin/ds_mark.prl?PidBox=GC2497,GC2497,13 JWM,36.8895475083,-87.3095977083,KY,CHRISTIAN,DB = BENCH MARK DISK,7 = SET IN TOP OF CONCRETE MONUMENT,1952,GOOD,CGS,219.29
20260103,http://www.ngs.noaa.gov/cgi-bin/ds_mark.prl?PidBox=GB1943,GB1943,13 M,36.7526111111,-85.7798055556,KY,MONROE,DD = SURVEY DISK,7 = SET IN TOP OF CONCRETE MONUMENT,1935,GOOD,CGS,301.605
20260103,http://www.ngs.noaa.gov/cgi-bin/ds_mark.prl?PidBox=GB1225,GB1225,13 RESET,36.9858333333,-84.5986111111,KY,PULASKI,DB = BENCH MARK DISK,7 = SET IN TOP OF CONCRETE MONUMENT,1968,GOOD,CGS,250.414
20260103,http://www.ngs.noaa.gov/cgi-bin/ds_mark.prl?PidBox=GA1668,GA1668,1319,36.9791666667,-83.2194444444,KY,HARLAN,DB = BENCH MARK DISK,66 = SET IN ROCK OUTCROP,1956,POOR,CGS,401.769
20260103,http://www.ngs.noaa.gov/cgi-bin/ds_mark.prl?PidBox=JA0303,JA0303,133,38.0602777778,-86.4311111111,KY,MEADE,C = CAP OF CAP-AND-BOLT PAIR,17 = SET INTO TOP OF METAL PIPE DRIVEN INTO GROUND,1953,GOOD,CGS,123.934
20260103,http://www.ngs.noaa.gov/cgi-bin/ds_mark.prl?PidBox=HA0310,HA0310,133,37.3233333333,-86.7744444444,KY,BUTLER,C = CAP OF CAP-AND-BOLT PAIR,17 = SET INTO TOP OF METAL PIPE DRIVEN INTO GROUND,1940,GOOD,CGS,125.146
20260103,http://www.ngs.noaa.gov/cgi-bin/ds_mark.prl?PidBox=HY2392,HY2392,133,38.1758521694,-83.4076901333,KY,ROWAN,DD = SURVEY DISK,7 = SET IN TOP OF CONCRETE MONUMENT,1949,MONUMENTED,USFS,422.
20260103,http://www.ngs.noaa.gov/cgi-bin/ds_mark.prl?PidBox=GA2763,GA2763,1362,36.6650000000,-83.5897222222,KY,BELL,DB = BENCH MARK DISK,66 = SET IN ROCK OUTCROP,1957,POOR,CGS,415.117
20260103,http://www.ngs.noaa.gov/cgi-bin/ds_mark.prl?PidBox=GA3233,GA3233,1362 RESET,36.6650000000,-83.5897222222,KY,BELL,DV = VERTICAL CONTROL DISK,32 = SET IN A RETAINING WALL OR CONCRETE LEDGE,1978,MONUMENTED,NGS,415.30
20260103,http://www.ngs.noaa.gov/cgi-bin/ds_mark.prl?PidBox=GY0701,GY0701,1366,37.4675000000,-82.2508333333,KY,PIKE,DB = BENCH MARK DISK,66 = SET IN ROCK OUTCROP,20030415,MARK NOT FOUND,KYDT,416.388
20260103,http://www.ngs.noaa.gov/cgi-bin/ds_mark.prl?PidBox=HA0461,HA0461,138,37.8368666667,-86.6346611111,KY,BRECKINRIDGE,C = CAP OF CAP-AND-BOLT PAIR,17 = SET INTO TOP OF METAL PIPE DRIVEN INTO GROUND,1953,GOOD,CGS,125.176
20260103,http://www.ngs.noaa.gov/cgi-bin/ds_mark.prl?PidBox=HA0462,HA0462,138,37.8368666667,-86.6346611111,KY,BRECKINRIDGE,B = BOLT,7 = SET IN TOP OF CONCRETE MONUMENT,1953,GOOD,CGS,123.929
20260103,http://www.ngs.noaa.gov/cgi-bin/ds_mark.prl?PidBox=GA1479,GA1479,1387,36.9644444444,-83.0555555556,KY,HARLAN,DD = SURVEY DISK,66 = SET IN ROCK OUTCROP,1956,GOOD,CGS,422.657
20260103,http://www.ngs.noaa.gov/cgi-bin/ds_mark.prl?PidBox=GD0519,GD0519,14,36.5725000000,-89.1944444444,KY,FULTON,B = BOLT,7 = SET IN TOP OF CONCRETE MONUMENT,1974,MARK NOT FOUND,NGS,109.618
20260103,http://www.ngs.noaa.gov/cgi-bin/ds_mark.prl?PidBox=HA0359,HA0359,14,37.6532500000,-86.5416277778,KY,BRECKINRIDGE,DB = BENCH MARK DISK,7 = SET IN TOP OF CONCRETE MONUMENT,1935,GOOD,CGS,141.933
20260103,http://www.ngs.noaa.gov/cgi-bin/ds_mark.prl?PidBox=HZ1944,HZ1944,14 B,38.0292528389,-84.5161916639,KY,FAYETTE,DD = SURVEY DISK,32 = SET IN A RETAINING WALL OR CONCRETE LEDGE,20120507,GOOD,GRWAS,298.219
20260103,http://www.ngs.noaa.gov/cgi-bin/ds_mark.prl?PidBox=HZ0665,HZ0665,14 EOM 939,38.9311972222,-84.6257694444,KY,BOONE,DD = SURVEY DISK,7 = SET IN TOP OF CONCRETE MONUMENT,1986,GOOD,LOCSUR,285.971
20260103,http://www.ngs.noaa.gov/cgi-bin/ds_mark.prl?PidBox=GZ1404,GZ1404,14 RC,37.5201861111,-85.0156583333,KY,CASEY,DD = SURVEY DISK,7 = SET IN TOP OF CONCRETE MONUMENT,1983,GOOD,KYDT,246.887
20260103,http://www.ngs.noaa.gov/cgi-bin/ds_mark.prl?PidBox=GY0823,GY0823,1409,37.2002777778,-82.5813888889,KY,LETCHER,DD = SURVEY DISK,36 = SET IN A MASSIVE STRUCTURE,1956,POOR,CGS,429.070
20260103,http://www.ngs.noaa.gov/cgi-bin/ds_mark.prl?PidBox=GC0895,GC0895,141.9,36.8616666667,-86.8719444444,KY,LOGAN,Q = CHISELED SQUARE,32 = SET IN A RETAINING WALL OR CONCRETE LEDGE,19950912,MARK NOT FOUND,KYDT,177.416
20260103,http://www.ngs.noaa.gov/cgi-bin/ds_mark.prl?PidBox=HA0410,HA0410,142,37.9369444444,-86.9019444444,KY,HANCOCK,C = CAP OF CAP-AND-BOLT PAIR,17 = SET INTO TOP OF METAL PIPE DRIVEN INTO GROUND,1953,GOOD,CGS,119.173
20260103,http://www.ngs.noaa.gov/cgi-bin/ds_mark.prl?PidBox=GA1131,GA1131,1430,36.9758333333,-82.9913888889,KY,HARLAN,DD = SURVEY DISK,36 = SET IN A MASSIVE STRUCTURE,20080519,GOOD,GRWAS,435.824
20260103,http://www.ngs.noaa.gov/cgi-bin/ds_mark.prl?PidBox=HA0633,HA0633,148 BOLT,37.8380555556,-87.2247222222,KY,DAVIESS,B = BOLT,31 = SET IN A PAVEMENT SUCH AS STREET SIDEWALK CURB ETC.,1956,MARK NOT FOUND,USGS,114.172
20260103,http://www.ngs.noaa.gov/cgi-bin/ds_mark.prl?PidBox=HA0632,HA0632,148 CAP,37.8380555556,-87.2247222222,KY,DAVIESS,C = CAP OF CAP-AND-BOLT PAIR,17 = SET INTO TOP OF METAL PIPE DRIVEN INTO GROUND,1956,MARK NOT FOUND,USGS,115.423
20260103,http://www.ngs.noaa.gov/cgi-bin/ds_mark.prl?PidBox=HA0603,HA0603,149 BOLT,37.9272222222,-87.3827777778,KY,HENDERSON,B = BOLT,9 = POST (STONE OR PRECAST CONCRETE),1953,GOOD,CGS,113.529
20260103,http://www.ngs.noaa.gov/cgi-bin/ds_mark.prl?PidBox=HA0602,HA0602,149 CAP,37.9272222222,-87.3827777778,KY,HENDERSON,P = PIPE CAP,17 = SET INTO TOP OF METAL PIPE DRIVEN INTO GROUND,1953,GOOD,CGS,114.774
20260103,http://www.ngs.noaa.gov/cgi-bin/ds_mark.prl?PidBox=GD0521,GD0521,15,36.5730555556,-89.1947222222,KY,FULTON,Q = CHISELED SQUARE,36 = SET IN A MASSIVE STRUCTURE,1974,MARK NOT FOUND,NGS,94.343
20260103,http://www.ngs.noaa.gov/cgi-bin/ds_mark.prl?PidBox=HZ0663,HZ0663,15 EOM 940,38.9573361111,-84.6164888889,KY,BOONE,DD = SURVEY DISK,7 = SET IN TOP OF CONCRETE MONUMENT,1986,GOOD,LOCSUR,286.330
20260103,http://www.ngs.noaa.gov/cgi-bin/ds_mark.prl?PidBox=GZ1207,GZ1207,15 RC,37.5016666667,-84.9561111111,KY,CASEY,DD = SURVEY DISK,7 = SET IN TOP OF CONCRETE MONUMENT,1958,GOOD,CGS,276.040
20260103,http://www.ngs.noaa.gov/cgi-bin/ds_mark.prl?PidBox=HZ0493,HZ0493,150 JWM,38.1305027778,-84.5571972222,KY,FAYETTE,DB = BENCH MARK DISK,9 = POST (STONE OR PRECAST CONCRETE),20081001,POOR,GRWAS,290.047
20260103,http://www.ngs.noaa.gov/cgi-bin/ds_mark.prl?PidBox=GY2405,GY2405,1500,37.4302333333,-83.9977916667,KY,JACKSON,DD = SURVEY DISK,31 = SET IN A PAVEMENT SUCH AS STREET SIDEWALK CURB ETC.,1957,GOOD,CGS,313.757
20260103,http://www.ngs.noaa.gov/cgi-bin/ds_mark.prl?PidBox=GA1690,GA1690,1510,36.9116666667,-83.0866666667,KY,HARLAN,DD = SURVEY DISK,66 = SET IN ROCK OUTCROP,1956,POOR,CGS,456.986
20260103,http://www.ngs.noaa.gov/cgi-bin/ds_mark.prl?PidBox=GZ1418,GZ1418,154 JEM,37.5075000000,-85.1966666667,KY,MARION,DD = SURVEY DISK,7 = SET IN TOP OF CONCRETE MONUMENT,1984,GOOD,KYDT,213.608
20260103,http://www.ngs.noaa.gov/cgi-bin/ds_mark.prl?PidBox=HA1010,HA1010,155,37.8377777778,-87.5930555556,KY,HENDERSON,P = PIPE CAP,17 = SET INTO TOP OF METAL PIPE DRIVEN INTO GROUND,1985,MARK NOT FOUND,NGS,119.915
20260103,http://www.ngs.noaa.gov/cgi-bin/ds_mark.prl?PidBox=GZ1570,GZ1570,155 JEM,37.4913888889,-85.1591666667,KY,MARION,DD = SURVEY DISK,7 = SET IN TOP OF CONCRETE MONUMENT,1983,MARK NOT FOUND,KYDT,201.629
20260103,http://www.ngs.noaa.gov/cgi-bin/ds_mark.prl?PidBox=GD0994,GD0994,155+00,36.5638888889,-89.5133333333,KY,FULTON,P = PIPE CAP,17 = SET INTO TOP OF METAL PIPE DRIVEN INTO GROUND,1933,GOOD,CGS,90.738
20260103,http://www.ngs.noaa.gov/cgi-bin/ds_mark.prl?PidBox=GZ1411,GZ1411,156 JEM,37.5050000000,-85.1319444444,KY,MARION,DD = SURVEY DISK,36 = SET IN A MASSIVE STRUCTURE,1984,GOOD,KYDT,209.347
20260103,http://www.ngs.noaa.gov/cgi-bin/ds_mark.prl?PidBox=HZ0324,HZ0324,158 JWM,38.0461111111,-84.5600000000,KY,FAYETTE,DD = SURVEY DISK,9 = POST (STONE OR PRECAST CONCRETE),1958,GOOD,CGS,282.981
20260103,http://www.ngs.noaa.gov/cgi-bin/ds_mark.prl?PidBox=GY0998,GY0998,1585,37.0344444444,-82.8502777778,KY,LETCHER,DD = SURVEY DISK,66 = SET IN ROCK OUTCROP,1956,GOOD,USGS,482.937
20260103,http://www.ngs.noaa.gov/cgi-bin/ds_mark.prl?PidBox=GD0130,GD0130,16,36.9269444444,-88.4719444444,KY,MARSHALL,Q = CHISELED SQUARE,32 = SET IN A RETAINING WALL OR CONCRETE LEDGE,1951,GOOD,CGS,105.197
20260103,http://www.ngs.noaa.gov/cgi-bin/ds_mark.prl?PidBox=GZ1236,GZ1236,16 PRIME,37.8860527778,-84.5758138889,KY,JESSAMINE,R = RIVET,30 = SET IN A LIGHT STRUCTURE,1984,MARK NOT FOUND,NGS,289.321
20260103,http://www.ngs.noaa.gov/cgi-bin/ds_mark.prl?PidBox=GZ1335,GZ1335,16 RC,37.5013888889,-84.9191666667,KY,CASEY,DB = BENCH MARK DISK,7 = SET IN TOP OF CONCRETE MONUMENT,1958,GOOD,CGS,300.876
20260103,http://www.ngs.noaa.gov/cgi-bin/ds_mark.prl?PidBox=HB0022,HB0022,162,37.7275000000,-88.0619444444,KY,UNION,DD = SURVEY DISK,17 = SET INTO TOP OF METAL PIPE DRIVEN INTO GROUND,1949,GOOD,CGS,107.981
20260103,http://www.ngs.noaa.gov/cgi-bin/ds_mark.prl?PidBox=GZ1238,GZ1238,17,37.8817722222,-84.5853222222,KY,JESSAMINE,DD = SURVEY DISK,9 = POST (STONE OR PRECAST CONCRETE),1985,GOOD,NGS,292.491
20260103,http://www.ngs.noaa.gov/cgi-bin/ds_mark.prl?PidBox=HY1822,HY1822,17 ATA,38.1122222222,-83.8105555556,KY,BATH,DD = SURVEY DISK,7 = SET IN TOP OF CONCRETE MONUMENT,20040317,GOOD,KYDT,228.638
20260103,http://www.ngs.noaa.gov/cgi-bin/ds_mark.prl?PidBox=GC2676,GC2676,17 EOM,36.7213628389,-87.7062480444,KY,TRIGG,DB = BENCH MARK DISK,7 = SET IN TOP OF CONCRETE MONUMENT,1953,GOOD,CGS,174.54
20260103,http://www.ngs.noaa.gov/cgi-bin/ds_mark.prl?PidBox=HY2478,HY2478,17 JJS,38.5649863028,-83.6056855583,KY,LEWIS,DB = BENCH MARK DISK,7 = SET IN TOP OF CONCRETE MONUMENT,1953,GOOD,CGS,262.11
20260103,http://www.ngs.noaa.gov/cgi-bin/ds_mark.prl?PidBox=GZ0752,GZ0752,17 RC,37.4894444444,-84.8855555556,KY,CASEY,DD = SURVEY DISK,7 = SET IN TOP OF CONCRETE MONUMENT,1958,GOOD,CGS,427.026
20260103,http://www.ngs.noaa.gov/cgi-bin/ds_mark.prl?PidBox=GD0561,GD0561,17 W,36.5100000000,-89.3491666667,KY,FULTON,P = PIPE CAP,17 = SET INTO TOP OF METAL PIPE DRIVEN INTO GROUND,20030401,GOOD,USACE,89.159
20260103,http://www.ngs.noaa.gov/cgi-bin/ds_mark.prl?PidBox=GA1663,GA1663,1756,36.9497222222,-83.1852777778,KY,HARLAN,DD = SURVEY DISK,66 = SET IN ROCK OUTCROP,1956,POOR,CGS,534.996
20260103,http://www.ngs.noaa.gov/cgi-bin/ds_mark.prl?PidBox=GZ0894,GZ0894,176 JEM,37.3616666667,-84.7272222222,KY,CASEY,DD = SURVEY DISK,7 = SET IN TOP OF CONCRETE MONUMENT,20050510,MARK NOT FOUND,KYDT,402.661
20260103,http://www.ngs.noaa.gov/cgi-bin/ds_mark.prl?PidBox=GZ0897,GZ0897,177 JEM,37.3310250000,-84.7298222222,KY,CASEY,DD = SURVEY DISK,7 = SET IN TOP OF CONCRETE MONUMENT,20050510,MARK NOT FOUND,KYDT,382.504
20260103,http://www.ngs.noaa.gov/cgi-bin/ds_mark.prl?PidBox=GZ0901,GZ0901,178 JEM,37.2943888889,-84.7452138889,KY,CASEY,DD = SURVEY DISK,32 = SET IN A RETAINING WALL OR CONCRETE LEDGE,20050510,GOOD,KYDT,360.603
20260103,http://www.ngs.noaa.gov/cgi-bin/ds_mark.prl?PidBox=GZ0903,GZ0903,179 JEM,37.2797222222,-84.7661111111,KY,CASEY,DD = SURVEY DISK,7 = SET IN TOP OF CONCRETE MONUMENT,1951,GOOD,CGS,392.898
20260103,http://www.ngs.noaa.gov/cgi-bin/ds_mark.prl?PidBox=GZ0904,GZ0904,179 JEM RESET,37.2796388889,-84.7659833333,KY,CASEY,DD = SURVEY DISK,7 = SET IN TOP OF CONCRETE MONUMENT,1958,MARK NOT FOUND,CGS,392.23
20260103,http://www.ngs.noaa.gov/cgi-bin/ds_mark.prl?PidBox=GB1118,GB1118,18,36.7908333333,-84.6272222222,KY,WAYNE,Z = SEE DESCRIPTION,66 = SET IN ROCK OUTCROP,1957,GOOD,USACE,234.964
20260103,http://www.ngs.noaa.gov/cgi-bin/ds_mark.prl?PidBox=HA0364,HA0364,18,37.6323055556,-86.5770666667,KY,BRECKINRIDGE,DB = BENCH MARK DISK,9 = POST (STONE OR PRECAST CONCRETE),1935,GOOD,CGS,141.473
20260103,http://www.ngs.noaa.gov/cgi-bin/ds_mark.prl?PidBox=HA0648,HA0648,18 JDN,37.7730555556,-87.1413888889,KY,DAVIESS,DD = SURVEY DISK,7 = SET IN TOP OF CONCRETE MONUMENT,1953,GOOD,CGS,122.105
20260103,http://www.ngs.noaa.gov/cgi-bin/ds_mark.prl?PidBox=HA0649,HA0649,18 JDN RESET,37.7730555556,-87.1413888889,KY,DAVIESS,DD = SURVEY DISK,7 = SET IN TOP OF CONCRETE MONUMENT,1965,MARK NOT FOUND,CGS,122.21
20260103,http://www.ngs.noaa.gov/cgi-bin/ds_mark.prl?PidBox=HB0356,HB0356,185+00.00,37.0958333333,-88.6105555556,KY,MCCRACKEN,DD = SURVEY DISK,7 = SET IN TOP OF CONCRETE MONUMENT,20031008,MARK NOT FOUND,USPSQD,106.673
20260103,http://www.ngs.noaa.gov/cgi-bin/ds_mark.prl?PidBox=GD0132,GD0132,19,36.9075000000,-88.4297222222,KY,MARSHALL,Q = CHISELED SQUARE,32 = SET IN A RETAINING WALL OR CONCRETE LEDGE,1933,GOOD,CGS,104.852
20260103,http://www.ngs.noaa.gov/cgi-bin/ds_mark.prl?PidBox=HA0366,HA0366,19,37.6380000000,-86.6388444444,KY,BRECKINRIDGE,DB = BENCH MARK DISK,9 = POST (STONE OR PRECAST CONCRETE),1935,GOOD,CGS,196.205
20260103,http://www.ngs.noaa.gov/cgi-bin/ds_mark.prl?PidBox=GZ1241,GZ1241,19,37.8754611111,-84.6051861111,KY,JESSAMINE,DD = SURVEY DISK,9 = POST (STONE OR PRECAST CONCRETE),1958,GOOD,CGS,272.167
20260103,http://www.ngs.noaa.gov/cgi-bin/ds_mark.prl?PidBox=HZ0701,HZ0701,19 962.61,38.6594444444,-84.5775000000,KY,GRANT,DD = SURVEY DISK,7 = SET IN TOP OF CONCRETE MONUMENT,20020930,MARK NOT FOUND,KYDT,293.114
20260103,http://www.ngs.noaa.gov/cgi-bin/ds_mark.prl?PidBox=HA0641,HA0641,19 JDN,37.8061111111,-87.1555555556,KY,DAVIESS,DD = SURVEY DISK,7 = SET IN TOP OF CONCRETE MONUMENT,1953,GOOD,CGS,119.261
20260103,http://www.ngs.noaa.gov/cgi-bin/ds_mark.prl?PidBox=DL3996,DL3996,1A6 A,36.6094909278,-83.7369200028,KY,BELL,F = FLANGE-ENCASED ROD,59 = STAINLESS STEEL ROD IN SLEEVE (10 FT.+),20121201,GOOD,FAMM,347.71
20260103,http://www.ngs.noaa.gov/cgi-bin/ds_mark.prl?PidBox=DL3997,DL3997,1A6 B,36.6090014556,-83.7318415917,KY,BELL,DD = SURVEY DISK,7 = SET IN TOP OF CONCRETE MONUMENT,20090615,MONUMENTED,GEOMET,346.77
20260103,http://www.ngs.noaa.gov/cgi-bin/ds_mark.prl?PidBox=DL3998,DL3998,1A6 C,36.6099952833,-83.7414553917,KY,BELL,DD = SURVEY DISK,7 = SET IN TOP OF CONCRETE MONUMENT,20090616,MONUMENTED,GEOMET,349.97
20260103,http://www.ngs.noaa.gov/cgi-bin/ds_mark.prl?PidBox=GD0694,GD0694,2,36.5000000000,-89.4919444444,KY,FULTON,B = BOLT,7 = SET IN TOP OF CONCRETE MONUMENT,1967,MARK NOT FOUND,USGS,93.528
20260103,http://www.ngs.noaa.gov/cgi-bin/ds_mark.prl?PidBox=GD0008,GD0008,2,36.9875000000,-88.2261111111,KY,LYON,DD = SURVEY DISK,7 = SET IN TOP OF CONCRETE MONUMENT,20030805,MARK NOT FOUND,KYDT,115.539
20260103,http://www.ngs.noaa.gov/cgi-bin/ds_mark.prl?PidBox=HZ0341,HZ0341,2,38.0386111111,-84.5113888889,KY,FAYETTE,DD = SURVEY DISK,9 = POST (STONE OR PRECAST CONCRETE),1985,MARK NOT FOUND,NGS,294.392
20260103,http://www.ngs.noaa.gov/cgi-bin/ds_mark.prl?PidBox=HY1073,HY1073,2 B,38.6797222222,-82.8825000000,KY,GREENUP,DD = SURVEY DISK,7 = SET IN TOP OF CONCRETE MONUMENT,1967,GOOD,CGS,166.806
20260103,http://www.ngs.noaa.gov/cgi-bin/ds_mark.prl?PidBox=HZ1205,HZ1205,2 M,38.3247222222,-85.4686111111,KY,OLDHAM,DD = SURVEY DISK,9 = POST (STONE OR PRECAST CONCRETE),19980325,MARK NOT FOUND,USPSQD,243.000
20260103,http://www.ngs.noaa.gov/cgi-bin/ds_mark.prl?PidBox=GY1755,GY1755,2 RHP RESET,37.5460611111,-83.4627305556,KY,BREATHITT,DB = BENCH MARK DISK,38 = SET IN THE ABUTMENT OR PIER OF A LARGE BRIDGE,20080506,GOOD,GRWAS,272.65
20260103,http://www.ngs.noaa.gov/cgi-bin/ds_mark.prl?PidBox=GZ1245,GZ1245,20 RM 1,37.8753333333,-84.6300444444,KY,JESSAMINE,DR = REFERENCE MARK DISK,7 = SET IN TOP OF CONCRETE MONUMENT,1958,GOOD,CGS,283.167
20260103,http://www.ngs.noaa.gov/cgi-bin/ds_mark.prl?PidBox=GZ1244,GZ1244,20 RM 2,37.8748944444,-84.6299666667,KY,JESSAMINE,DR = REFERENCE MARK DISK,7 = SET IN TOP OF CONCRETE MONUMENT,1958,GOOD,CGS,284.166
20260103,http://www.ngs.noaa.gov/cgi-bin/ds_mark.prl?PidBox=DL4008,DL4008,2006 42 03,38.0751694444,-84.5201416667,KY,FAYETTE,DD = SURVEY DISK,7 = SET IN TOP OF CONCRETE MONUMENT,20120206,GOOD,GRWAS,299.947
20260103,http://www.ngs.noaa.gov/cgi-bin/ds_mark.prl?PidBox=DL4005,DL4005,2006 42 07,38.0732953639,-84.5345989083,KY,FAYETTE,DD = SURVEY DISK,7 = SET IN TOP OF CONCRETE MONUMENT,20190727,GOOD,FUGRO,283.504
20260103,http://www.ngs.noaa.gov/cgi-bin/ds_mark.prl?PidBox=DL4003,DL4003,2006 42 08,38.0746861111,-84.5367833333,KY,FAYETTE,DD = SURVEY DISK,7 = SET IN TOP OF CONCRETE MONUMENT,200611,MONUMENTED,GRWAS,288.559
20260103,http://www.ngs.noaa.gov/cgi-bin/ds_mark.prl?PidBox=DL4007,DL4007,2006 42 09,38.0700416667,-84.5301694444,KY,FAYETTE,DD = SURVEY DISK,7 = SET IN TOP OF CONCRETE MONUMENT,200611,MONUMENTED,GRWAS,287.367
20260103,http://www.ngs.noaa.gov/cgi-bin/ds_mark.prl?PidBox=DL4006,DL4006,2006 42 10,38.0713944444,-84.5320444444,KY,FAYETTE,DD = SURVEY DISK,7 = SET IN TOP OF CONCRETE MONUMENT,200611,MONUMENTED,GRWAS,286.845
20260103,http://www.ngs.noaa.gov/cgi-bin/ds_mark.prl?PidBox=GZ1246,GZ1246,21,37.8724027778,-84.6400833333,KY,JESSAMINE,DD = SURVEY DISK,9 = POST (STONE OR PRECAST CONCRETE),1958,GOOD,CGS,271.249
20260103,http://www.ngs.noaa.gov/cgi-bin/ds_mark.prl?PidBox=HZ2381,HZ2381,21 FL,38.4977844194,-84.0495793444,KY,ROBERTSON,DB = BENCH MARK DISK,9 = POST (STONE OR PRECAST CONCRETE),1954,GOOD,CGS,284.15
20260103,http://www.ngs.noaa.gov/cgi-bin/ds_mark.prl?PidBox=HA0637,HA0637,21 JDN,37.8152777778,-87.2133333333,KY,DAVIESS,DD = SURVEY DISK,7 = SET IN TOP OF CONCRETE MONUMENT,1953,GOOD,CGS,117.503
20260103,http://www.ngs.noaa.gov/cgi-bin/ds_mark.prl?PidBox=GC1088,GC1088,21 JWM,36.8108333333,-87.4900000000,KY,CHRISTIAN,DB = BENCH MARK DISK,7 = SET IN TOP OF CONCRETE MONUMENT,1949,GOOD,CGS,162.245
20260103,http://www.ngs.noaa.gov/cgi-bin/ds_mark.prl?PidBox=GZ0119,GZ0119,216,37.9216000000,-84.3702138889,KY,FAYETTE,DD = SURVEY DISK,7 = SET IN TOP OF CONCRETE MONUMENT,20070317,GOOD,INDIV,298.497
20260103,http://www.ngs.noaa.gov/cgi-bin/ds_mark.prl?PidBox=GZ0128,GZ0128,218,37.9065448306,-84.3564778917,KY,FAYETTE,DD = SURVEY DISK,9 = POST (STONE OR PRECAST CONCRETE),20070324,GOOD,INDIV,290.331
20260103,http://www.ngs.noaa.gov/cgi-bin/ds_mark.prl?PidBox=GZ1247,GZ1247,22,37.8680444444,-84.6504777778,KY,JESSAMINE,DD = SURVEY DISK,9 = POST (STONE OR PRECAST CONCRETE),1958,GOOD,CGS,275.092
20260103,http://www.ngs.noaa.gov/cgi-bin/ds_mark.prl?PidBox=HA0629,HA0629,22 JDN,37.8234750000,-87.2440222222,KY,DAVIESS,DD = SURVEY DISK,9 = POST (STONE OR PRECAST CONCRETE),1953,GOOD,CGS,118.223
20260103,http://www.ngs.noaa.gov/cgi-bin/ds_mark.prl?PidBox=HA0997,HA0997,22 JEM,37.8118812167,-87.6933300417,KY,HENDERSON,DB = BENCH MARK DISK,34 = SET IN THE FOOTINGS OF SMALL/MEDIUM STRUCTURES,20150218,GOOD,INDOT,118.247
20260103,http://www.ngs.noaa.gov/cgi-bin/ds_mark.prl?PidBox=GZ2378,GZ2378,22 K,37.9368277778,-85.7020722222,KY,BULLITT,DD = SURVEY DISK,7 = SET IN TOP OF CONCRETE MONUMENT,1988,MARK NOT FOUND,USPSQD,134.430
20260103,http://www.ngs.noaa.gov/cgi-bin/ds_mark.prl?PidBox=GZ1210,GZ1210,22 RC,37.5838888889,-84.8955555556,KY,BOYLE,DB = BENCH MARK DISK,7 = SET IN TOP OF CONCRETE MONUMENT,1981,GOOD,KYDT,390.231
20260103,http://www.ngs.noaa.gov/cgi-bin/ds_mark.prl?PidBox=GZ2912,GZ2912,228 RESET,37.8341316167,-84.3255481944,KY,MADISON,DD = SURVEY DISK,7 = SET IN TOP OF CONCRETE MONUMENT,1961,MONUMENTED,CGS,302.28
20260103,http://www.ngs.noaa.gov/cgi-bin/ds_mark.prl?PidBox=GZ0137,GZ0137,229 PRIME,37.8181944444,-84.3261388889,KY,MADISON,R = RIVET,32 = SET IN A RETAINING WALL OR CONCRETE LEDGE,20070729,GOOD,INDIV,273.278
20260103,http://www.ngs.noaa.gov/cgi-bin/ds_mark.prl?PidBox=GZ0136,GZ0136,229 RESET,37.8250000000,-84.3258333333,KY,MADISON,DD = SURVEY DISK,7 = SET IN TOP OF CONCRETE MONUMENT,1960,GOOD,PAS,291.394
20260103,http://www.ngs.noaa.gov/cgi-bin/ds_mark.prl?PidBox=GZ2913,GZ2913,229 RESET,37.8250142528,-84.3258222028,KY,MADISON,DD = SURVEY DISK,7 = SET IN TOP OF CONCRETE MONUMENT,20070721,POOR,INDIV,291.40
20260103,http://www.ngs.noaa.gov/cgi-bin/ds_mark.prl?PidBox=GY3337,GY3337,23 B,37.5929466806,-83.7308724222,KY,LEE,DD = SURVEY DISK,7 = SET IN TOP OF CONCRETE MONUMENT,1934,MONUMENTED,USFS,343.
20260103,http://www.ngs.noaa.gov/cgi-bin/ds_mark.prl?PidBox=GZ1214,GZ1214,23 RC,37.5569444444,-84.8911111111,KY,BOYLE,DB = BENCH MARK DISK,7 = SET IN TOP OF CONCRETE MONUMENT,1958,GOOD,CGS,276.847
20260103,http://www.ngs.noaa.gov/cgi-bin/ds_mark.prl?PidBox=GZ0139,GZ0139,230,37.8048055556,-84.3260638889,KY,MADISON,DD = SURVEY DISK,9 = POST (STONE OR PRECAST CONCRETE),20070721,MARK NOT FOUND,INDIV,276.698
20260103,http://www.ngs.noaa.gov/cgi-bin/ds_mark.prl?PidBox=GZ0141,GZ0141,231 PRIME,37.7876388889,-84.3290277778,KY,MADISON,R = RIVET,32 = SET IN A RETAINING WALL OR CONCRETE LEDGE,20101122,GOOD,JCLS,267.429
20260103,http://www.ngs.noaa.gov/cgi-bin/ds_mark.prl?PidBox=GZ0142,GZ0142,232,37.7825333333,-84.3275777778,KY,MADISON,DD = SURVEY DISK,9 = POST (STONE OR PRECAST CONCRETE),20070721,MARK NOT FOUND,INDIV,287.217
20260103,http://www.ngs.noaa.gov/cgi-bin/ds_mark.prl?PidBox=GZ0143,GZ0143,233,37.7780194444,-84.3237138889,KY,MADISON,DD = SURVEY DISK,9 = POST (STONE OR PRECAST CONCRETE),1960,GOOD,PAS,292.180
20260103,http://www.ngs.noaa.gov/cgi-bin/ds_mark.prl?PidBox=GZ1253,GZ1253,24,37.8518250000,-84.6606500000,KY,JESSAMINE,DD = SURVEY DISK,9 = POST (STONE OR PRECAST CONCRETE),19920701,POOR,LOCENG,274.497
20260103,http://www.ngs.noaa.gov/cgi-bin/ds_mark.prl?PidBox=HY1833,HY1833,24 JJS,38.1413888889,-83.7283333333,KY,BATH,DD = SURVEY DISK,7 = SET IN TOP OF CONCRETE MONUMENT,20111211,MARK NOT FOUND,GEOCAC,210.908
20260103,http://www.ngs.noaa.gov/cgi-bin/ds_mark.prl?PidBox=GZ1216,GZ1216,24 RC,37.5341666667,-84.8994444444,KY,BOYLE,DB = BENCH MARK DISK,7 = SET IN TOP OF CONCRETE MONUMENT,1981,GOOD,KYDT,273.889
20260103,http://www.ngs.noaa.gov/cgi-bin/ds_mark.prl?PidBox=GZ0157,GZ0157,240,37.7376500000,-84.2909361111,KY,MADISON,DD = SURVEY DISK,9 = POST (STONE OR PRECAST CONCRETE),1960,GOOD,PAS,294.144
20260103,http://www.ngs.noaa.gov/cgi-bin/ds_mark.prl?PidBox=GZ0043,GZ0043,242,37.7181055556,-84.2786000000,KY,MADISON,DD = SURVEY DISK,9 = POST (STONE OR PRECAST CONCRETE),1961,GOOD,PAS,304.571
20260103,http://www.ngs.noaa.gov/cgi-bin/ds_mark.prl?PidBox=GZ0046,GZ0046,248,37.6682777778,-84.2865500000,KY,MADISON,DD = SURVEY DISK,9 = POST (STONE OR PRECAST CONCRETE),1958,MARK NOT FOUND,CGS,279.953
20260103,http://www.ngs.noaa.gov/cgi-bin/ds_mark.prl?PidBox=GD0135,GD0135,25,36.8755555556,-88.3716666667,KY,MARSHALL,Q = CHISELED SQUARE,32 = SET IN A RETAINING WALL OR CONCRETE LEDGE,1933,GOOD,CGS,110.692
20260103,http://www.ngs.noaa.gov/cgi-bin/ds_mark.prl?PidBox=GZ1254,GZ1254,25,37.8460805556,-84.6643111111,KY,JESSAMINE,DD = SURVEY DISK,9 = POST (STONE OR PRECAST CONCRETE),20080302,MARK NOT FOUND,INDIV,274.051
20260103,http://www.ngs.noaa.gov/cgi-bin/ds_mark.prl?PidBox=GZ2865,GZ2865,25 GB,37.6743192500,-84.1460994722,KY,MADISON,DB = BENCH MARK DISK,31 = SET IN A PAVEMENT SUCH AS STREET SIDEWALK CURB ETC.,1951,MONUMENTED,USGS,288.60
20260103,http://www.ngs.noaa.gov/cgi-bin/ds_mark.prl?PidBox=HZ0606,HZ0606,25 TN,38.8694111111,-84.6228416667,KY,BOONE,DD = SURVEY DISK,7 = SET IN TOP OF CONCRETE MONUMENT,1964,MARK NOT FOUND,CGS,279.183
20260103,http://www.ngs.noaa.gov/cgi-bin/ds_mark.prl?PidBox=HA0905,HA0905,25 WWT TT,37.0292583333,-87.9972750000,KY,LYON,DD = SURVEY DISK,7 = SET IN TOP OF CONCRETE MONUMENT,1966,GOOD,PAS,150.868
20260103,http://www.ngs.noaa.gov/cgi-bin/ds_mark.prl?PidBox=GZ0049,GZ0049,253,37.6348083333,-84.2983222222,KY,MADISON,DD = SURVEY DISK,9 = POST (STONE OR PRECAST CONCRETE),1961,POOR,PAS,284.519
20260103,http://www.ngs.noaa.gov/cgi-bin/ds_mark.prl?PidBox=GZ0050,GZ0050,257,37.6026722222,-84.3039388889,KY,MADISON,DD = SURVEY DISK,9 = POST (STONE OR PRECAST CONCRETE),1980,MARK NOT FOUND,NGS,295.921
20260103,http://www.ngs.noaa.gov/cgi-bin/ds_mark.prl?PidBox=GZ0052,GZ0052,259,37.5844500000,-84.3014166667,KY,MADISON,DD = SURVEY DISK,9 = POST (STONE OR PRECAST CONCRETE),1980,MARK NOT FOUND,NGS,296.756
20260103,http://www.ngs.noaa.gov/cgi-bin/ds_mark.prl?PidBox=JZ1021,JZ1021,26 EOM,39.0461111111,-84.5030555556,KY,KENTON,DD = SURVEY DISK,31 = SET IN A PAVEMENT SUCH AS STREET SIDEWALK CURB ETC.,1966,GOOD,PAS,163.659
20260103,http://www.ngs.noaa.gov/cgi-bin/ds_mark.prl?PidBox=GY2539,GY2539,26 JWM 702,37.4841666667,-83.6502777778,KY,OWSLEY,DD = SURVEY DISK,7 = SET IN TOP OF CONCRETE MONUMENT,19930601,GOOD,KYDT,213.882
20260103,http://www.ngs.noaa.gov/cgi-bin/ds_mark.prl?PidBox=HZ0609,HZ0609,26 TN,38.8792666667,-84.6737611111,KY,BOONE,DD = SURVEY DISK,7 = SET IN TOP OF CONCRETE MONUMENT,1964,MARK NOT FOUND,CGS,237.962
20260103,http://www.ngs.noaa.gov/cgi-bin/ds_mark.prl?PidBox=GZ0105,GZ0105,263,37.5534166667,-84.2779305556,KY,MADISON,DD = SURVEY DISK,9 = POST (STONE OR PRECAST CONCRETE),20070701,GOOD,INDIV,308.716
20260103,http://www.ngs.noaa.gov/cgi-bin/ds_mark.prl?PidBox=JZ1023,JZ1023,27 EOM,39.0708333333,-84.5050000000,KY,KENTON,DD = SURVEY DISK,38 = SET IN THE ABUTMENT OR PIER OF A LARGE BRIDGE,1986,GOOD,LOCSUR,162.087
20260103,http://www.ngs.noaa.gov/cgi-bin/ds_mark.prl?PidBox=GY2536,GY2536,27 JWM 737,37.4836111111,-83.6155555556,KY,OWSLEY,DD = SURVEY DISK,7 = SET IN TOP OF CONCRETE MONUMENT,20020730,MARK NOT FOUND,KYDT,224.580
20260103,http://www.ngs.noaa.gov/cgi-bin/ds_mark.prl?PidBox=GZ2363,GZ2363,27 K,37.7846777778,-85.7728305556,KY,HARDIN,DD = SURVEY DISK,7 = SET IN TOP OF CONCRETE MONUMENT,20081009,MARK NOT FOUND,GRWAS,136.007
20260103,http://www.ngs.noaa.gov/cgi-bin/ds_mark.prl?PidBox=AC5839,AC5839,27A A,38.2339400500,-84.4329531778,KY,SCOTT,I = METAL ROD,15 = METAL ROD DRIVEN INTO GROUND. SEE TEXT FOR ADDITIONAL INFORMATION.,20021204,GOOD,WOOLPT,285.56
20260103,http://www.ngs.noaa.gov/cgi-bin/ds_mark.prl?PidBox=AC5840,AC5840,27A B,38.2410534722,-84.4292208806,KY,SCOTT,DD = SURVEY DISK,17 = SET INTO TOP OF METAL PIPE DRIVEN INTO GROUND,19960818,GOOD,NGS,292.57
20260103,http://www.ngs.noaa.gov/cgi-bin/ds_mark.prl?PidBox=AC5841,AC5841,27A C,38.2287324583,-84.4392409194,KY,SCOTT,DD = SURVEY DISK,17 = SET INTO TOP OF METAL PIPE DRIVEN INTO GROUND,19960818,GOOD,NGS,283.01
20260103,http://www.ngs.noaa.gov/cgi-bin/ds_mark.prl?PidBox=GD0137,GD0137,28,36.8638888889,-88.3491666667,KY,MARSHALL,Q = CHISELED SQUARE,32 = SET IN A RETAINING WALL OR CONCRETE LEDGE,1951,MARK NOT FOUND,CGS,113.00
20260103,http://www.ngs.noaa.gov/cgi-bin/ds_mark.prl?PidBox=GZ2399,GZ2399,29 K,37.7877500000,-85.6728416667,KY,NELSON,DB = BENCH MARK DISK,7 = SET IN TOP OF CONCRETE MONUMENT,1983,MARK NOT FOUND,KYDT,138.340
20260103,http://www.ngs.noaa.gov/cgi-bin/ds_mark.prl?PidBox=GZ1259,GZ1259,29 PRIME,37.8186944444,-84.7191111111,KY,JESSAMINE,R = RIVET,38 = SET IN THE ABUTMENT OR PIER OF A LARGE BRIDGE,20080302,GOOD,INDIV,242.113
20260103,http://www.ngs.noaa.gov/cgi-bin/ds_mark.prl?PidBox=AC5824,AC5824,2I0 A,37.3517302639,-87.4053656889,KY,HOPKINS,DD = SURVEY DISK,17 = SET INTO TOP OF METAL PIPE DRIVEN INTO GROUND,19960721,GOOD,NGS,131.65
20260103,http://www.ngs.noaa.gov/cgi-bin/ds_mark.prl?PidBox=HZ0342,HZ0342,3,38.0305111111,-84.5156111111,KY,FAYETTE,DD = SURVEY DISK,9 = POST (STONE OR PRECAST CONCRETE),20080930,MARK NOT FOUND,GRWAS,301.373
20260103,http://www.ngs.noaa.gov/cgi-bin/ds_mark.prl?PidBox=HA0653,HA0653,3 LB,37.7777777778,-87.1288888889,KY,DAVIESS,B = BOLT,7 = SET IN TOP OF CONCRETE MONUMENT,1953,GOOD,CGS,122.336
20260103,http://www.ngs.noaa.gov/cgi-bin/ds_mark.prl?PidBox=GZ2370,GZ2370,30 K,37.8337583333,-85.7343500000,KY,BULLITT,DD = SURVEY DISK,7 = SET IN TOP OF CONCRETE MONUMENT,1983,MARK NOT FOUND,KYDT,136.165
20260103,http://www.ngs.noaa.gov/cgi-bin/ds_mark.prl?PidBox=AI8989,AI8989,301,39.0455610417,-84.5744193278,KY,KENTON,DD = SURVEY DISK,7 = SET IN TOP OF CONCRETE MONUMENT,20090320,GOOD,GRWAS,252.708
20260103,http://www.ngs.noaa.gov/cgi-bin/ds_mark.prl?PidBox=AI8990,AI8990,302,39.0296496528,-84.5758701833,KY,KENTON,DD = SURVEY DISK,7 = SET IN TOP OF CONCRETE MONUMENT,20081016,GOOD,GRWAS,260.897
20260103,http://www.ngs.noaa.gov/cgi-bin/ds_mark.prl?PidBox=GY2922,GY2922,31 JWM,37.5175000000,-83.5269444444,KY,BREATHITT,DD = SURVEY DISK,7 = SET IN TOP OF CONCRETE MONUMENT,20020722,MARK NOT FOUND,KYDT,210.180
20260103,http://www.ngs.noaa.gov/cgi-bin/ds_mark.prl?PidBox=GZ2382,GZ2382,31 K,37.9881611111,-85.7162555556,KY,BULLITT,DD = SURVEY DISK,36 = SET IN A MASSIVE STRUCTURE,20111112,GOOD,GEOCAC,136.865
20260103,http://www.ngs.noaa.gov/cgi-bin/ds_mark.prl?PidBox=HY0809,HY0809,316 A,38.4155555556,-82.5980555556,KY,BOYD,Q = CHISELED SQUARE,30 = SET IN A LIGHT STRUCTURE,20000425,GOOD,KYDT,167.028
20260103,http://www.ngs.noaa.gov/cgi-bin/ds_mark.prl?PidBox=HY2464,HY2464,32 ATA,38.2744511083,-83.9299237167,KY,NICHOLAS,DD = SURVEY DISK,7 = SET IN TOP OF CONCRETE MONUMENT,1954,GOOD,CGS,300.60
20260103,http://www.ngs.noaa.gov/cgi-bin/ds_mark.prl?PidBox=GC0977,GC0977,32 HF,36.8970111111,-86.5966555556,KY,WARREN,DD = SURVEY DISK,7 = SET IN TOP OF CONCRETE MONUMENT,1969,GOOD,CGS,182.747
20260103,http://www.ngs.noaa.gov/cgi-bin/ds_mark.prl?PidBox=HB0212,HB0212,32+56.00 L,37.0213888889,-88.2205555556,KY,LYON,DD = SURVEY DISK,36 = SET IN A MASSIVE STRUCTURE,1968,GOOD,CGS,120.814
20260103,http://www.ngs.noaa.gov/cgi-bin/ds_mark.prl?PidBox=GZ1262,GZ1262,33,37.7995583333,-84.7278388889,KY,MERCER,DD = SURVEY DISK,9 = POST (STONE OR PRECAST CONCRETE),1985,GOOD,NGS,255.740
20260103,http://www.ngs.noaa.gov/cgi-bin/ds_mark.prl?PidBox=HY2501,HY2501,33 ESS,38.6122153500,-83.8135581667,KY,MASON,DB = BENCH MARK DISK,31 = SET IN A PAVEMENT SUCH AS STREET SIDEWALK CURB ETC.,1950,MONUMENTED,USGS,288.48
20260103,http://www.ngs.noaa.gov/cgi-bin/ds_mark.prl?PidBox=HZ1020,HZ1020,33 FL,38.6725000000,-85.0166666667,KY,CARROLL,DD = SURVEY DISK,32 = SET IN A RETAINING WALL OR CONCRETE LEDGE,20030819,GOOD,KYDT,247.416
20260103,http://www.ngs.noaa.gov/cgi-bin/ds_mark.prl?PidBox=HB0210,HB0210,33+45.04 L,37.0213888889,-88.2205555556,KY,LYON,DD = SURVEY DISK,36 = SET IN A MASSIVE STRUCTURE,1968,GOOD,CGS,120.805
20260103,http://www.ngs.noaa.gov/cgi-bin/ds_mark.prl?PidBox=HB0233,HB0233,330.41,37.0183333333,-88.2788888889,KY,MARSHALL,B = BOLT,36 = SET IN A MASSIVE STRUCTURE,1968,MARK NOT FOUND,CGS,100.558
20260103,http://www.ngs.noaa.gov/cgi-bin/ds_mark.prl?PidBox=GD0993,GD0993,34 26 A,36.5655555556,-89.5250000000,KY,FULTON,P = PIPE CAP,17 = SET INTO TOP OF METAL PIPE DRIVEN INTO GROUND,1951,MARK NOT FOUND,CGS,90.092
20260103,http://www.ngs.noaa.gov/cgi-bin/ds_mark.prl?PidBox=GB1954,GB1954,34 M,36.7009194444,-85.6925138889,KY,MONROE,DD = SURVEY DISK,7 = SET IN TOP OF CONCRETE MONUMENT,1951,GOOD,CGS,281.126
20260103,http://www.ngs.noaa.gov/cgi-bin/ds_mark.prl?PidBox=HA0613,HA0613,35 JDN,37.8830555556,-87.3236111111,KY,HENDERSON,DD = SURVEY DISK,9 = POST (STONE OR PRECAST CONCRETE),1962,GOOD,CGS,115.608
20260103,http://www.ngs.noaa.gov/cgi-bin/ds_mark.prl?PidBox=HA0953,HA0953,35 JEM,37.7645750000,-87.9892833333,KY,UNION,DD = SURVEY DISK,7 = SET IN TOP OF CONCRETE MONUMENT,1963,MARK NOT FOUND,USACE,129.380
20260103,http://www.ngs.noaa.gov/cgi-bin/ds_mark.prl?PidBox=HB0249,HB0249,350.53,37.0322222222,-88.3513888889,KY,MARSHALL,Q = CHISELED SQUARE,36 = SET IN A MASSIVE STRUCTURE,1968,POOR,CGS,106.526
20260103,http://www.ngs.noaa.gov/cgi-bin/ds_mark.prl?PidBox=HB0244,HB0244,350.8,37.0269444444,-88.3311111111,KY,MARSHALL,Q = CHISELED SQUARE,36 = SET IN A MASSIVE STRUCTURE,1946,GOOD,CGS,107.031
20260103,http://www.ngs.noaa.gov/cgi-bin/ds_mark.prl?PidBox=HA0966,HA0966,352,37.8175000000,-87.8938888889,KY,UNION,P = PIPE CAP,17 = SET INTO TOP OF METAL PIPE DRIVEN INTO GROUND,1964,GOOD,FAS,107.070
20260103,http://www.ngs.noaa.gov/cgi-bin/ds_mark.prl?PidBox=HZ1478,HZ1478,36,38.2330555556,-85.7658333333,KY,JEFFERSON,DD = SURVEY DISK,7 = SET IN TOP OF CONCRETE MONUMENT,1963,GOOD,CGS,140.074
20260103,http://www.ngs.noaa.gov/cgi-bin/ds_mark.prl?PidBox=GZ1264,GZ1264,36,37.7826967722,-84.7257454806,KY,MERCER,DD = SURVEY DISK,9 = POST (STONE OR PRECAST CONCRETE),1958,GOOD,CGS,277.927
20260103,http://www.ngs.noaa.gov/cgi-bin/ds_mark.prl?PidBox=HA0609,HA0609,36 JDN,37.8952777778,-87.3747222222,KY,HENDERSON,DD = SURVEY DISK,9 = POST (STONE OR PRECAST CONCRETE),1953,GOOD,CGS,113.017
20260103,http://www.ngs.noaa.gov/cgi-bin/ds_mark.prl?PidBox=HA0961,HA0961,36 JEM,37.7722222222,-87.9341666667,KY,UNION,DD = SURVEY DISK,31 = SET IN A PAVEMENT SUCH AS STREET SIDEWALK CURB ETC.,1988,GOOD,USPSQD,109.502
20260103,http://www.ngs.noaa.gov/cgi-bin/ds_mark.prl?PidBox=HY1859,HY1859,36 JJS,38.1791666667,-83.5555555556,KY,ROWAN,DD = SURVEY DISK,7 = SET IN TOP OF CONCRETE MONUMENT,20080513,MARK NOT FOUND,GRWAS,283.576
20260103,http://www.ngs.noaa.gov/cgi-bin/ds_mark.prl?PidBox=GB1962,GB1962,36 M,36.6533111111,-85.6283722222,KY,MONROE,DD = SURVEY DISK,7 = SET IN TOP OF CONCRETE MONUMENT,1951,GOOD,CGS,272.945
20260103,http://www.ngs.noaa.gov/cgi-bin/ds_mark.prl?PidBox=HA0850,HA0850,362,37.4469444444,-87.9383333333,KY,WEBSTER,DB = BENCH MARK DISK,36 = SET IN A MASSIVE STRUCTURE,1935,GOOD,CGS,110.695
20260103,http://www.ngs.noaa.gov/cgi-bin/ds_mark.prl?PidBox=HA0851,HA0851,362 RESET,37.4466666667,-87.9383333333,KY,WEBSTER,DD = SURVEY DISK,36 = SET IN A MASSIVE STRUCTURE,1949,GOOD,CGS,110.687
20260103,http://www.ngs.noaa.gov/cgi-bin/ds_mark.prl?PidBox=DH3707,DH3707,3630E07,36.5062553083,-89.3361997111,KY,FULTON,DD = SURVEY DISK,7 = SET IN TOP OF CONCRETE MONUMENT,20030710,GOOD,EMCINC,87.10
20260103,http://www.ngs.noaa.gov/cgi-bin/ds_mark.prl?PidBox=DH3709,DH3709,3630E09,36.5048840333,-89.1690247917,KY,FULTON,DD = SURVEY DISK,7 = SET IN TOP OF CONCRETE MONUMENT,20030714,GOOD,EMC,109.97
20260103,http://www.ngs.noaa.gov/cgi-bin/ds_mark.prl?PidBox=HZ1479,HZ1479,37,38.2325000000,-85.7594444444,KY,JEFFERSON,DD = SURVEY DISK,7 = SET IN TOP OF CONCRETE MONUMENT,20081023,MARK NOT FOUND,GRWAS,138.830
20260103,http://www.ngs.noaa.gov/cgi-bin/ds_mark.prl?PidBox=GZ0112,GZ0112,37 WR,37.9518888889,-84.3641111111,KY,FAYETTE,DB = BENCH MARK DISK,7 = SET IN TOP OF CONCRETE MONUMENT,20070304,GOOD,INDIV,277.288
20260103,http://www.ngs.noaa.gov/cgi-bin/ds_mark.prl?PidBox=GZ0113,GZ0113,37 WR RM,37.9518611111,-84.3640277778,KY,FAYETTE,Q = CHISELED SQUARE,32 = SET IN A RETAINING WALL OR CONCRETE LEDGE,20070304,GOOD,INDIV,277.02
20260103,http://www.ngs.noaa.gov/cgi-bin/ds_mark.prl?PidBox=HA0841,HA0841,376,37.4891666667,-87.8636111111,KY,WEBSTER,P = PIPE CAP,17 = SET INTO TOP OF METAL PIPE DRIVEN INTO GROUND,1935,GOOD,CGS,114.023
20260103,http://www.ngs.noaa.gov/cgi-bin/ds_mark.prl?PidBox=HB0073,HB0073,377,37.6561111111,-88.0877777778,KY,UNION,DB = BENCH MARK DISK,33 = WOODEN OBJECT (DRIVEN IN A PILE POLE TREE OR STUMP),1949,GOOD,CGS,114.787
20260103,http://www.ngs.noaa.gov/cgi-bin/ds_mark.prl?PidBox=HA0937,HA0937,379,37.5508333333,-87.9844444444,KY,UNION,DB = BENCH MARK DISK,31 = SET IN A PAVEMENT SUCH AS STREET SIDEWALK CURB ETC.,1985,MARK NOT FOUND,NGS,115.378
20260103,http://www.ngs.noaa.gov/cgi-bin/ds_mark.prl?PidBox=HA0631,HA0631,379.54,37.8380555556,-87.2247222222,KY,DAVIESS,DD = SURVEY DISK,7 = SET IN TOP OF CONCRETE MONUMENT,1953,GOOD,CGS,115.372
20260103,http://www.ngs.noaa.gov/cgi-bin/ds_mark.prl?PidBox=GZ1270,GZ1270,38,37.7606777778,-84.7635083333,KY,MERCER,DD = SURVEY DISK,7 = SET IN TOP OF CONCRETE MONUMENT,1985,MARK NOT FOUND,NGS,280.898
20260103,http://www.ngs.noaa.gov/cgi-bin/ds_mark.prl?PidBox=HA0947,HA0947,384,37.5497222222,-87.5241666667,KY,WEBSTER,DD = SURVEY DISK,7 = SET IN TOP OF CONCRETE MONUMENT,20110228,MARK NOT FOUND,AEI,116.914
20260103,http://www.ngs.noaa.gov/cgi-bin/ds_mark.prl?PidBox=HA1002,HA1002,388.880,37.8052777778,-87.6338888889,KY,HENDERSON,DB = BENCH MARK DISK,7 = SET IN TOP OF CONCRETE MONUMENT,1979,MARK NOT FOUND,LOCENG,118.292
20260103,http://www.ngs.noaa.gov/cgi-bin/ds_mark.prl?PidBox=HA0667,HA0667,395.46,37.7738888889,-87.1127777778,KY,DAVIESS,DB = BENCH MARK DISK,7 = SET IN TOP OF CONCRETE MONUMENT,1953,GOOD,CGS,120.213
20260103,http://www.ngs.noaa.gov/cgi-bin/ds_mark.prl?PidBox=HA0654,HA0654,4 LB,37.7786111111,-87.1272222222,KY,DAVIESS,DD = SURVEY DISK,7 = SET IN TOP OF CONCRETE MONUMENT,1953,GOOD,CGS,110.324
20260103,http://www.ngs.noaa.gov/cgi-bin/ds_mark.prl?PidBox=AI8991,AI8991,401,39.0593705250,-84.5390257111,KY,KENTON,DD = SURVEY DISK,7 = SET IN TOP OF CONCRETE MONUMENT,2000,MONUMENTED,WOOLPT,274.0
20260103,http://www.ngs.noaa.gov/cgi-bin/ds_mark.prl?PidBox=HB0145,HB0145,402,37.2027777778,-88.0605555556,KY,CALDWELL,P = PIPE CAP,17 = SET INTO TOP OF METAL PIPE DRIVEN INTO GROUND,1985,MARK NOT FOUND,NGS,122.429
20260103,http://www.ngs.noaa.gov/cgi-bin/ds_mark.prl?PidBox=AI8992,AI8992,402,39.0652091250,-84.5891828639,KY,KENTON,DD = SURVEY DISK,7 = SET IN TOP OF CONCRETE MONUMENT,2000,MONUMENTED,WOOLPT,262.0
20260103,http://www.ngs.noaa.gov/cgi-bin/ds_mark.prl?PidBox=AI9015,AI9015,402A,39.0642559361,-84.5913915167,KY,KENTON,DD = SURVEY DISK,7 = SET IN TOP OF CONCRETE MONUMENT,2000,MONUMENTED,WOOLPT,259.5
20260103,http://www.ngs.noaa.gov/cgi-bin/ds_mark.prl?PidBox=AI8993,AI8993,403,39.0613991472,-84.6076883806,KY,KENTON,DD = SURVEY DISK,7 = SET IN TOP OF CONCRETE MONUMENT,2000,MONUMENTED,WOOLPT,270.6
20260103,http://www.ngs.noaa.gov/cgi-bin/ds_mark.prl?PidBox=AI9016,AI9016,403A,39.0621123056,-84.6050602194,KY,KENTON,DD = SURVEY DISK,7 = SET IN TOP OF CONCRETE MONUMENT,2000,MONUMENTED,WOOLPT,265.2
20260103,http://www.ngs.noaa.gov/cgi-bin/ds_mark.prl?PidBox=AI8994,AI8994,404,39.0631751528,-84.6576480278,KY,BOONE,DD = SURVEY DISK,7 = SET IN TOP OF CONCRETE MONUMENT,20040318,GOOD,INDIV,259.5
20260103,http://www.ngs.noaa.gov/cgi-bin/ds_mark.prl?PidBox=AI9017,AI9017,404 AZ MK,39.0617703500,-84.6626008111,KY,BOONE,DD = SURVEY DISK,7 = SET IN TOP OF CONCRETE MONUMENT,20040318,GOOD,INDIV,261.4
20260103,http://www.ngs.noaa.gov/cgi-bin/ds_mark.prl?PidBox=AI8995,AI8995,405,39.0602013083,-84.7015734000,KY,BOONE,DD = SURVEY DISK,7 = SET IN TOP OF CONCRETE MONUMENT,20060905,GOOD,USPSQD,274.5
20260103,http://www.ngs.noaa.gov/cgi-bin/ds_mark.prl?PidBox=AI9018,AI9018,405 AZ MK,39.0633529278,-84.7039050750,KY,BOONE,DD = SURVEY DISK,7 = SET IN TOP OF CONCRETE MONUMENT,2000,MONUMENTED,WOOLPT,272.9
20260103,http://www.ngs.noaa.gov/cgi-bin/ds_mark.prl?PidBox=AI8996,AI8996,406,39.0267006000,-84.7013293583,KY,BOONE,DD = SURVEY DISK,7 = SET IN TOP OF CONCRETE MONUMENT,20060905,GOOD,USPSQD,259.7
20260103,http://www.ngs.noaa.gov/cgi-bin/ds_mark.prl?PidBox=AI9019,AI9019,406 AZ MK,39.0301487639,-84.7014177611,KY,BOONE,DD = SURVEY DISK,7 = SET IN TOP OF CONCRETE MONUMENT,20060905,GOOD,USPSQD,257.1
20260103,http://www.ngs.noaa.gov/cgi-bin/ds_mark.prl?PidBox=AI8997,AI8997,407,39.0144292222,-84.6753721944,KY,BOONE,DD = SURVEY DISK,7 = SET IN TOP OF CONCRETE MONUMENT,20060906,GOOD,USPSQD,268.4
20260103,http://www.ngs.noaa.gov/cgi-bin/ds_mark.prl?PidBox=AI9020,AI9020,407 AZ MK,39.0088931417,-84.6643646500,KY,BOONE,DD = SURVEY DISK,7 = SET IN TOP OF CONCRETE MONUMENT,20060906,GOOD,USPSQD,261.7
20260103,http://www.ngs.noaa.gov/cgi-bin/ds_mark.prl?PidBox=AI8998,AI8998,408,39.0266600500,-84.6423634611,KY,BOONE,DD = SURVEY DISK,7 = SET IN TOP OF CONCRETE MONUMENT,20060423,GOOD,GEOCAC,281.2
20260103,http://www.ngs.noaa.gov/cgi-bin/ds_mark.prl?PidBox=HZ0154,HZ0154,408 2,38.0411928250,-84.4200424167,KY,FAYETTE,DD = SURVEY DISK,7 = SET IN TOP OF CONCRETE MONUMENT,20070512,MARK NOT FOUND,INDIV,299.32
20260103,http://www.ngs.noaa.gov/cgi-bin/ds_mark.prl?PidBox=AI9021,AI9021,408 AZ MK,39.0237516556,-84.6393914889,KY,BOONE,DD = SURVEY DISK,7 = SET IN TOP OF CONCRETE MONUMENT,20060423,GOOD,GEOCAC,274.1
20260103,http://www.ngs.noaa.gov/cgi-bin/ds_mark.prl?PidBox=AI8999,AI8999,409,39.0795741167,-84.6446556694,KY,BOONE,DD = SURVEY DISK,7 = SET IN TOP OF CONCRETE MONUMENT,2000,MONUMENTED,WOOLPT,157.8
20260103,http://www.ngs.noaa.gov/cgi-bin/ds_mark.prl?PidBox=AI9000,AI9000,410,39.0891177833,-84.6723726333,KY,BOONE,DD = SURVEY DISK,7 = SET IN TOP OF CONCRETE MONUMENT,2000,MONUMENTED,WOOLPT,163.3
20260103,http://www.ngs.noaa.gov/cgi-bin/ds_mark.prl?PidBox=AI9022,AI9022,410 AZ MK,39.0896324500,-84.6759107750,KY,BOONE,DD = SURVEY DISK,7 = SET IN TOP OF CONCRETE MONUMENT,2000,MONUMENTED,WOOLPT,163.0
20260103,http://www.ngs.noaa.gov/cgi-bin/ds_mark.prl?PidBox=AI9001,AI9001,411,39.0877317611,-84.7119691444,KY,BOONE,DD = SURVEY DISK,7 = SET IN TOP OF CONCRETE MONUMENT,20020520,GOOD,WOOLPT,265.0
20260103,http://www.ngs.noaa.gov/cgi-bin/ds_mark.prl?PidBox=AI9023,AI9023,411 AZ MK,39.0903012472,-84.7129307056,KY,BOONE,DD = SURVEY DISK,7 = SET IN TOP OF CONCRETE MONUMENT,2000,MONUMENTED,WOOLPT,260.6
20260103,http://www.ngs.noaa.gov/cgi-bin/ds_mark.prl?PidBox=AI9002,AI9002,412,39.0703101806,-84.5249190417,KY,KENTON,DD = SURVEY DISK,7 = SET IN TOP OF CONCRETE MONUMENT,2000,MONUMENTED,WOOLPT,239.4
20260103,http://www.ngs.noaa.gov/cgi-bin/ds_mark.prl?PidBox=AI9003,AI9003,413,39.0924410611,-84.5548048083,KY,KENTON,DD = SURVEY DISK,7 = SET IN TOP OF CONCRETE MONUMENT,20020608,GOOD,WOOLPT,147.7
20260103,http://www.ngs.noaa.gov/cgi-bin/ds_mark.prl?PidBox=AI9024,AI9024,413A,39.0902506389,-84.5552168500,KY,KENTON,DD = SURVEY DISK,7 = SET IN TOP OF CONCRETE MONUMENT,20040605,GOOD,INDIV,152.0
20260103,http://www.ngs.noaa.gov/cgi-bin/ds_mark.prl?PidBox=AI9004,AI9004,414,39.0631886028,-84.4980419500,KY,KENTON,DD = SURVEY DISK,7 = SET IN TOP OF CONCRETE MONUMENT,2000,MONUMENTED,WOOLPT,156.7
20260103,http://www.ngs.noaa.gov/cgi-bin/ds_mark.prl?PidBox=AI9025,AI9025,414A,39.0610505611,-84.4983377917,KY,KENTON,DD = SURVEY DISK,7 = SET IN TOP OF CONCRETE MONUMENT,2000,MONUMENTED,WOOLPT,159.0
20260103,http://www.ngs.noaa.gov/cgi-bin/ds_mark.prl?PidBox=AI9005,AI9005,415,38.9976863972,-84.7092691833,KY,BOONE,DD = SURVEY DISK,7 = SET IN TOP OF CONCRETE MONUMENT,20060221,GOOD,USPSQD,248.6
20260103,http://www.ngs.noaa.gov/cgi-bin/ds_mark.prl?PidBox=AI9006,AI9006,416,39.0299920806,-84.7323431139,KY,BOONE,DD = SURVEY DISK,7 = SET IN TOP OF CONCRETE MONUMENT,20060904,GOOD,USPSQD,259.9
20260103,http://www.ngs.noaa.gov/cgi-bin/ds_mark.prl?PidBox=AI9026,AI9026,416 AZ MK,39.0308896972,-84.7295240556,KY,BOONE,DD = SURVEY DISK,7 = SET IN TOP OF CONCRETE MONUMENT,20060905,GOOD,USPSQD,254.0
20260103,http://www.ngs.noaa.gov/cgi-bin/ds_mark.prl?PidBox=HA0793,HA0793,416.956,37.4419444444,-87.1477777778,KY,MCLEAN,DB = BENCH MARK DISK,32 = SET IN A RETAINING WALL OR CONCRETE LEDGE,1935,GOOD,CGS,126.688
20260103,http://www.ngs.noaa.gov/cgi-bin/ds_mark.prl?PidBox=HA0580,HA0580,416.984,37.6041666667,-87.1133333333,KY,DAVIESS,DB = BENCH MARK DISK,36 = SET IN A MASSIVE STRUCTURE,20000829,GOOD,LOCSUR,126.780
20260103,http://www.ngs.noaa.gov/cgi-bin/ds_mark.prl?PidBox=AI9007,AI9007,417,38.9941444500,-84.6473336639,KY,BOONE,DD = SURVEY DISK,7 = SET IN TOP OF CONCRETE MONUMENT,2000,MONUMENTED,WOOLPT,274.9
20260103,http://www.ngs.noaa.gov/cgi-bin/ds_mark.prl?PidBox=AI9027,AI9027,417 AZ MK,38.9903488000,-84.6459315389,KY,BOONE,DD = SURVEY DISK,7 = SET IN TOP OF CONCRETE MONUMENT,2000,MONUMENTED,WOOLPT,279.6
20260103,http://www.ngs.noaa.gov/cgi-bin/ds_mark.prl?PidBox=AI9008,AI9008,418,39.0801357167,-84.5014033333,KY,KENTON,DD = SURVEY DISK,7 = SET IN TOP OF CONCRETE MONUMENT,2000,MONUMENTED,WOOLPT,156.2
20260103,http://www.ngs.noaa.gov/cgi-bin/ds_mark.prl?PidBox=AI9028,AI9028,418A,39.0826500833,-84.5036918250,KY,KENTON,DD = SURVEY DISK,7 = SET IN TOP OF CONCRETE MONUMENT,2000,MONUMENTED,WOOLPT,156.4
20260103,http://www.ngs.noaa.gov/cgi-bin/ds_mark.prl?PidBox=AI9009,AI9009,419,39.0110656611,-84.5718691417,KY,KENTON,DD = SURVEY DISK,7 = SET IN TOP OF CONCRETE MONUMENT,2000,MONUMENTED,WOOLPT,274.7
20260103,http://www.ngs.noaa.gov/cgi-bin/ds_mark.prl?PidBox=AI9029,AI9029,419A,39.0082099639,-84.5662627028,KY,KENTON,DD = SURVEY DISK,7 = SET IN TOP OF CONCRETE MONUMENT,2000,MONUMENTED,WOOLPT,271.7
20260103,http://www.ngs.noaa.gov/cgi-bin/ds_mark.prl?PidBox=HZ1011,HZ1011,42 FL,38.6450000000,-85.0930555556,KY,CARROLL,DD = SURVEY DISK,7 = SET IN TOP OF CONCRETE MONUMENT,20030819,MARK NOT FOUND,KYDT,151.400
20260103,http://www.ngs.noaa.gov/cgi-bin/ds_mark.prl?PidBox=AI9010,AI9010,420,39.0178520667,-84.5466604611,KY,KENTON,DD = SURVEY DISK,7 = SET IN TOP OF CONCRETE MONUMENT,20250201,MARK NOT FOUND,GRWAS,259.9
20260103,http://www.ngs.noaa.gov/cgi-bin/ds_mark.prl?PidBox=AI9030,AI9030,420A,39.0147657000,-84.5516868389,KY,KENTON,DD = SURVEY DISK,7 = SET IN TOP OF CONCRETE MONUMENT,20250201,MARK NOT FOUND,GRWAS,261.4
20260103,http://www.ngs.noaa.gov/cgi-bin/ds_mark.prl?PidBox=AI9011,AI9011,421,38.9887898333,-84.5514922528,KY,KENTON,DD = SURVEY DISK,7 = SET IN TOP OF CONCRETE MONUMENT,20110614,GOOD,JCLS,201.6
20260103,http://www.ngs.noaa.gov/cgi-bin/ds_mark.prl?PidBox=AI9031,AI9031,421A,38.9906988250,-84.5480167833,KY,KENTON,DD = SURVEY DISK,7 = SET IN TOP OF CONCRETE MONUMENT,2000,MONUMENTED,WOOLPT,165.1
20260103,http://www.ngs.noaa.gov/cgi-bin/ds_mark.prl?PidBox=HA0436,HA0436,422 VIN,37.9009166667,-86.7492222222,KY,HANCOCK,DB = BENCH MARK DISK,36 = SET IN A MASSIVE STRUCTURE,20101215,GOOD,GEOCAC,127.668
20260103,http://www.ngs.noaa.gov/cgi-bin/ds_mark.prl?PidBox=HA0859,HA0859,423,37.2725000000,-87.5108333333,KY,HOPKINS,DB = BENCH MARK DISK,36 = SET IN A MASSIVE STRUCTURE,20090624,MARK NOT FOUND,GRWAS,128.538
20260103,http://www.ngs.noaa.gov/cgi-bin/ds_mark.prl?PidBox=HA0288,HA0288,424,37.0350000000,-86.9755555556,KY,LOGAN,P = PIPE CAP,17 = SET INTO TOP OF METAL PIPE DRIVEN INTO GROUND,1943,GOOD,CGS,128.968
20260103,http://www.ngs.noaa.gov/cgi-bin/ds_mark.prl?PidBox=HA0376,HA0376,424,37.5572222222,-86.7727777778,KY,OHIO,DB = BENCH MARK DISK,31 = SET IN A PAVEMENT SUCH AS STREET SIDEWALK CURB ETC.,20110307,MARK NOT FOUND,AEI,128.886
20260103,http://www.ngs.noaa.gov/cgi-bin/ds_mark.prl?PidBox=HA0298,HA0298,427,37.1125000000,-86.9997222222,KY,MUHLENBERG,P = PIPE CAP,17 = SET INTO TOP OF METAL PIPE DRIVEN INTO GROUND,1943,GOOD,CGS,129.938
20260103,http://www.ngs.noaa.gov/cgi-bin/ds_mark.prl?PidBox=HA0780,HA0780,427,37.2922222222,-87.1280555556,KY,MUHLENBERG,DB = BENCH MARK DISK,36 = SET IN A MASSIVE STRUCTURE,1943,GOOD,CGS,129.614
20260103,http://www.ngs.noaa.gov/cgi-bin/ds_mark.prl?PidBox=HA0765,HA0765,427,37.1588888889,-87.0294444444,KY,MUHLENBERG,P = PIPE CAP,17 = SET INTO TOP OF METAL PIPE DRIVEN INTO GROUND,1943,GOOD,CGS,129.853
20260103,http://www.ngs.noaa.gov/cgi-bin/ds_mark.prl?PidBox=HA0324,HA0324,428,37.1941638889,-86.7057833333,KY,BUTLER,P = PIPE CAP,17 = SET INTO TOP OF METAL PIPE DRIVEN INTO GROUND,20141121,POOR,USGS,130.248
20260103,http://www.ngs.noaa.gov/cgi-bin/ds_mark.prl?PidBox=HA0829,HA0829,428,37.3694444444,-87.5772222222,KY,HOPKINS,DB = BENCH MARK DISK,7 = SET IN TOP OF CONCRETE MONUMENT,20090625,MARK NOT FOUND,GRWAS,129.946
20260103,http://www.ngs.noaa.gov/cgi-bin/ds_mark.prl?PidBox=HZ1014,HZ1014,43 FL,38.6633333333,-85.0697222222,KY,CARROLL,DD = SURVEY DISK,36 = SET IN A MASSIVE STRUCTURE,20030819,MARK NOT FOUND,KYDT,184.875
20260103,http://www.ngs.noaa.gov/cgi-bin/ds_mark.prl?PidBox=HZ1243,HZ1243,43 RHP,38.4769444444,-85.2652777778,KY,HENRY,DD = SURVEY DISK,36 = SET IN A MASSIVE STRUCTURE,1963,GOOD,PAS,222.371
20260103,http://www.ngs.noaa.gov/cgi-bin/ds_mark.prl?PidBox=HA0073,HA0073,434.76,37.8961111111,-86.4422222222,KY,BRECKINRIDGE,Q = CHISELED SQUARE,36 = SET IN A MASSIVE STRUCTURE,1935,GOOD,CGS,132.201
20260103,http://www.ngs.noaa.gov/cgi-bin/ds_mark.prl?PidBox=GC1747,GC1747,438,36.9794444444,-87.7483333333,KY,TRIGG,P = PIPE CAP,17 = SET INTO TOP OF METAL PIPE DRIVEN INTO GROUND,1968,GOOD,CGS,133.200
20260103,http://www.ngs.noaa.gov/cgi-bin/ds_mark.prl?PidBox=HA0347,HA0347,443,37.4338888889,-86.6172222222,KY,GRAYSON,Q = CHISELED SQUARE,7 = SET IN TOP OF CONCRETE MONUMENT,1935,GOOD,CGS,134.641
20260103,http://www.ngs.noaa.gov/cgi-bin/ds_mark.prl?PidBox=HY1783,HY1783,443,38.0525333333,-83.9539861111,KY,MONTGOMERY,DD = SURVEY DISK,9 = POST (STONE OR PRECAST CONCRETE),1955,GOOD,CGS,311.606
20260103,http://www.ngs.noaa.gov/cgi-bin/ds_mark.prl?PidBox=GZ2377,GZ2377,443.2,37.9366666667,-85.7019444444,KY,BULLITT,Q = CHISELED SQUARE,30 = SET IN A LIGHT STRUCTURE,1941,GOOD,CGS,134.718
20260103,http://www.ngs.noaa.gov/cgi-bin/ds_mark.prl?PidBox=HA0369,HA0369,444 71,37.6308333333,-86.6977777778,KY,OHIO,Q = CHISELED SQUARE,30 = SET IN A LIGHT STRUCTURE,1935,GOOD,CGS,135.257
20260103,http://www.ngs.noaa.gov/cgi-bin/ds_mark.prl?PidBox=HA0362,HA0362,445.9,37.6247222222,-86.5597222222,KY,BRECKINRIDGE,Q = CHISELED SQUARE,66 = SET IN ROCK OUTCROP,1935,GOOD,CGS,138.732
20260103,http://www.ngs.noaa.gov/cgi-bin/ds_mark.prl?PidBox=HA0363,HA0363,446.4,37.6322222222,-86.5769444444,KY,BRECKINRIDGE,N = NAIL,30 = SET IN A LIGHT STRUCTURE,1935,GOOD,CGS,141.936
20260103,http://www.ngs.noaa.gov/cgi-bin/ds_mark.prl?PidBox=HZ1464,HZ1464,45,38.2555555556,-85.7291666667,KY,JEFFERSON,DD = SURVEY DISK,9 = POST (STONE OR PRECAST CONCRETE),20140618,MARK NOT FOUND,USGS,139.473
20260103,http://www.ngs.noaa.gov/cgi-bin/ds_mark.prl?PidBox=HA0479,HA0479,45 1,37.9175000000,-86.5636111111,KY,BRECKINRIDGE,DD = SURVEY DISK,37 = SET IN A MASSIVE RETAINING WALL,1953,GOOD,CGS,113.013
20260103,http://www.ngs.noaa.gov/cgi-bin/ds_mark.prl?PidBox=HA0478,HA0478,45 2,37.9163888889,-86.5636111111,KY,BRECKINRIDGE,DD = SURVEY DISK,31 = SET IN A PAVEMENT SUCH AS STREET SIDEWALK CURB ETC.,1953,GOOD,CGS,122.841
20260103,http://www.ngs.noaa.gov/cgi-bin/ds_mark.prl?PidBox=GC1750,GC1750,452 98 JWM,36.9880555556,-87.7797222222,KY,CALDWELL,DD = SURVEY DISK,7 = SET IN TOP OF CONCRETE MONUMENT,1968,GOOD,CGS,137.697
20260103,http://www.ngs.noaa.gov/cgi-bin/ds_mark.prl?PidBox=HA0785,HA0785,457,37.3380555556,-87.1408333333,KY,MUHLENBERG,DB = BENCH MARK DISK,36 = SET IN A MASSIVE STRUCTURE,1943,GOOD,CGS,138.800
20260103,http://www.ngs.noaa.gov/cgi-bin/ds_mark.prl?PidBox=HA0349,HA0349,457.6,37.4422222222,-86.5766666667,KY,GRAYSON,Q = CHISELED SQUARE,36 = SET IN A MASSIVE STRUCTURE,1935,GOOD,CGS,139.111
20260103,http://www.ngs.noaa.gov/cgi-bin/ds_mark.prl?PidBox=HZ1410,HZ1410,458,38.1913888889,-85.8075000000,KY,JEFFERSON,DB = BENCH MARK DISK,36 = SET IN A MASSIVE STRUCTURE,1961,GOOD,CGS,139.319
20260103,http://www.ngs.noaa.gov/cgi-bin/ds_mark.prl?PidBox=HZ0920,HZ0920,458,38.7007166667,-85.2291083333,KY,CARROLL,DB = BENCH MARK DISK,7 = SET IN TOP OF CONCRETE MONUMENT,1964,GOOD,CGS,139.408
20260103,http://www.ngs.noaa.gov/cgi-bin/ds_mark.prl?PidBox=HZ1517,HZ1517,462.3,38.3619444444,-85.6169444444,KY,JEFFERSON,S = SPIKE,30 = SET IN A LIGHT STRUCTURE,19980321,MARK NOT FOUND,USPSQD,140.686
20260103,http://www.ngs.noaa.gov/cgi-bin/ds_mark.prl?PidBox=HA0357,HA0357,466.7,37.6533333333,-86.5416666667,KY,BRECKINRIDGE,Q = CHISELED SQUARE,36 = SET IN A MASSIVE STRUCTURE,1935,GOOD,CGS,142.043
20260103,http://www.ngs.noaa.gov/cgi-bin/ds_mark.prl?PidBox=HA0329,HA0329,468,37.1377777778,-86.6563888889,KY,BUTLER,P = PIPE CAP,17 = SET INTO TOP OF METAL PIPE DRIVEN INTO GROUND,1940,GOOD,CGS,142.194
20260103,http://www.ngs.noaa.gov/cgi-bin/ds_mark.prl?PidBox=JZ0464,JZ0464,469.7,39.0947222222,-84.4947222222,KY,CAMPBELL,Q = CHISELED SQUARE,7 = SET IN TOP OF CONCRETE MONUMENT,20030513,MARK NOT FOUND,GEOCAC,152.232
20260103,http://www.ngs.noaa.gov/cgi-bin/ds_mark.prl?PidBox=HZ0950,HZ0950,470 56 FL,38.6441666667,-85.1494444444,KY,CARROLL,DD = SURVEY DISK,7 = SET IN TOP OF CONCRETE MONUMENT,20030307,MARK NOT FOUND,KYDT,142.890
20260103,http://www.ngs.noaa.gov/cgi-bin/ds_mark.prl?PidBox=JZ0640,JZ0640,470.5,39.0905555556,-84.5086111111,KY,KENTON,Z = SEE DESCRIPTION,36 = SET IN A MASSIVE STRUCTURE,1985,MARK NOT FOUND,NGS,147.248
20260103,http://www.ngs.noaa.gov/cgi-bin/ds_mark.prl?PidBox=GC1740,GC1740,471 B 8,36.9480555556,-87.6997222222,KY,TRIGG,P = PIPE CAP,17 = SET INTO TOP OF METAL PIPE DRIVEN INTO GROUND,1968,GOOD,CGS,143.426
20260103,http://www.ngs.noaa.gov/cgi-bin/ds_mark.prl?PidBox=HA0879,HA0879,471 SHANK,37.0783333333,-87.8533333333,KY,CALDWELL,DB = BENCH MARK DISK,66 = SET IN ROCK OUTCROP,1949,GOOD,CGS,143.392
20260103,http://www.ngs.noaa.gov/cgi-bin/ds_mark.prl?PidBox=JZ0647,JZ0647,474.0,39.0838888889,-84.5608333333,KY,KENTON,Q = CHISELED SQUARE,31 = SET IN A PAVEMENT SUCH AS STREET SIDEWALK CURB ETC.,1985,GOOD,NGS,149.363
20260103,http://www.ngs.noaa.gov/cgi-bin/ds_mark.prl?PidBox=HA0876,HA0876,484,37.0575000000,-87.8452777778,KY,CALDWELL,DB = BENCH MARK DISK,66 = SET IN ROCK OUTCROP,1985,GOOD,NGS,147.302
20260103,http://www.ngs.noaa.gov/cgi-bin/ds_mark.prl?PidBox=HZ1767,HZ1767,489.78 RM,38.0311111111,-85.3450000000,KY,SPENCER,Q = CHISELED SQUARE,36 = SET IN A MASSIVE STRUCTURE,1935,GOOD,CGS,149.052
20260103,http://www.ngs.noaa.gov/cgi-bin/ds_mark.prl?PidBox=HA0931,HA0931,492,37.7827777778,-87.9797222222,KY,UNION,DD = SURVEY DISK,31 = SET IN A PAVEMENT SUCH AS STREET SIDEWALK CURB ETC.,1963,GOOD,USACE,107.616
20260103,http://www.ngs.noaa.gov/cgi-bin/ds_mark.prl?PidBox=HA0075,HA0075,492.18,37.9025000000,-86.4102777778,KY,BRECKINRIDGE,Q = CHISELED SQUARE,30 = SET IN A LIGHT STRUCTURE,1935,GOOD,CGS,149.781
20260103,http://www.ngs.noaa.gov/cgi-bin/ds_mark.prl?PidBox=HA0386,HA0386,497.145,37.6608333333,-86.7641666667,KY,OHIO,DB = BENCH MARK DISK,7 = SET IN TOP OF CONCRETE MONUMENT,20050516,GOOD,KYTC,151.198
20260103,http://www.ngs.noaa.gov/cgi-bin/ds_mark.prl?PidBox=AE2416,AE2416,4M7 A,36.7995597944,-86.8102719444,KY,LOGAN,DH = HORIZONTAL CONTROL DISK,7 = SET IN TOP OF CONCRETE MONUMENT,1996,MONUMENTED,NGS,204.91
20260103,http://www.ngs.noaa.gov/cgi-bin/ds_mark.prl?PidBox=GZ2850,GZ2850,5 GB,37.7956694778,-84.2016010861,KY,MADISON,DB = BENCH MARK DISK,7 = SET IN TOP OF CONCRETE MONUMENT,1950,MONUMENTED,USGS,280.01
20260103,http://www.ngs.noaa.gov/cgi-bin/ds_mark.prl?PidBox=HZ0648,HZ0648,504.761,38.9783333333,-84.8269444444,KY,BOONE,Z = SEE DESCRIPTION,36 = SET IN A MASSIVE STRUCTURE,1964,GOOD,CGS,153.474
20260103,http://www.ngs.noaa.gov/cgi-bin/ds_mark.prl?PidBox=HY0456,HY0456,507 BOLT,38.4730555556,-82.6283333333,KY,BOYD,B = BOLT,30 = SET IN A LIGHT STRUCTURE,1956,GOOD,CGS,168.722
20260103,http://www.ngs.noaa.gov/cgi-bin/ds_mark.prl?PidBox=HY0820,HY0820,507 CAP,38.4730555556,-82.6283333333,KY,BOYD,P = PIPE CAP,17 = SET INTO TOP OF METAL PIPE DRIVEN INTO GROUND,1984,MARK NOT FOUND,NGS,169.644
20260103,http://www.ngs.noaa.gov/cgi-bin/ds_mark.prl?PidBox=GC0025,GC0025,509 L 9,36.9927777778,-86.4428888889,KY,WARREN,P = PIPE CAP,17 = SET INTO TOP OF METAL PIPE DRIVEN INTO GROUND,20081107,GOOD,GRWAS,154.797
20260103,http://www.ngs.noaa.gov/cgi-bin/ds_mark.prl?PidBox=GC2516,GC2516,51 JWM,36.9508578833,-87.4097988333,KY,CHRISTIAN,DB = BENCH MARK DISK,7 = SET IN TOP OF CONCRETE MONUMENT,1949,MONUMENTED,USGS,233.55
20260103,http://www.ngs.noaa.gov/cgi-bin/ds_mark.prl?PidBox=HZ0635,HZ0635,511,38.8955555556,-84.8047222222,KY,BOONE,DD = SURVEY DISK,17 = SET INTO TOP OF METAL PIPE DRIVEN INTO GROUND,1949,GOOD,CGS,135.020
20260103,http://www.ngs.noaa.gov/cgi-bin/ds_mark.prl?PidBox=HZ0386,HZ0386,512,38.1974388889,-84.8790111111,KY,FRANKLIN,DB = BENCH MARK DISK,36 = SET IN A MASSIVE STRUCTURE,20070714,GOOD,INDIV,155.924
20260103,http://www.ngs.noaa.gov/cgi-bin/ds_mark.prl?PidBox=HA0077,HA0077,514.83,37.9041666667,-86.4016666667,KY,BRECKINRIDGE,Q = CHISELED SQUARE,36 = SET IN A MASSIVE STRUCTURE,1935,GOOD,CGS,156.677
20260103,http://www.ngs.noaa.gov/cgi-bin/ds_mark.prl?PidBox=HY1053,HY1053,519,38.5525000000,-82.7358333333,KY,GREENUP,P = PIPE CAP,17 = SET INTO TOP OF METAL PIPE DRIVEN INTO GROUND,1956,GOOD,CGS,167.985
20260103,http://www.ngs.noaa.gov/cgi-bin/ds_mark.prl?PidBox=HB0405,HB0405,52 M,37.0196222222,-88.4999305556,KY,MCCRACKEN,DD = SURVEY DISK,7 = SET IN TOP OF CONCRETE MONUMENT,20030204,MARK NOT FOUND,ILDT,105.652
20260103,http://www.ngs.noaa.gov/cgi-bin/ds_mark.prl?PidBox=HY1998,HY1998,523 BOLT,38.5513444444,-82.7793166667,KY,GREENUP,B = BOLT,17 = SET INTO TOP OF METAL PIPE DRIVEN INTO GROUND,1956,GOOD,CGS,164.998
20260103,http://www.ngs.noaa.gov/cgi-bin/ds_mark.prl?PidBox=HY1057,HY1057,523 CAP,38.5513444444,-82.7793166667,KY,GREENUP,P = PIPE CAP,17 = SET INTO TOP OF METAL PIPE DRIVEN INTO GROUND,1984,MARK NOT FOUND,NGS,165.917
20260103,http://www.ngs.noaa.gov/cgi-bin/ds_mark.prl?PidBox=HZ0557,HZ0557,526 A,38.7838888889,-84.9025000000,KY,GALLATIN,Q = CHISELED SQUARE,7 = SET IN TOP OF CONCRETE MONUMENT,19980725,GOOD,USPSQD,150.615
20260103,http://www.ngs.noaa.gov/cgi-bin/ds_mark.prl?PidBox=HB0116,HB0116,526 RESET,37.3661111111,-88.0386111111,KY,CRITTENDEN,DB = BENCH MARK DISK,17 = SET INTO TOP OF METAL PIPE DRIVEN INTO GROUND,1985,MARK NOT FOUND,NGS,163.468
20260103,http://www.ngs.noaa.gov/cgi-bin/ds_mark.prl?PidBox=HY2000,HY2000,533 BOLT,38.6245000000,-82.8630277778,KY,GREENUP,B = BOLT,0 = UNSPECIFIED SETTING,1967,GOOD,CGS,163.812
20260103,http://www.ngs.noaa.gov/cgi-bin/ds_mark.prl?PidBox=HY1070,HY1070,533 CAP,38.6245000000,-82.8630277778,KY,GREENUP,P = PIPE CAP,17 = SET INTO TOP OF METAL PIPE DRIVEN INTO GROUND,1967,GOOD,CGS,164.731
20260103,http://www.ngs.noaa.gov/cgi-bin/ds_mark.prl?PidBox=HZ0943,HZ0943,535 A,38.7388888889,-85.0580555556,KY,CARROLL,Q = CHISELED SQUARE,30 = SET IN A LIGHT STRUCTURE,20030513,GOOD,KYDT,150.693
20260103,http://www.ngs.noaa.gov/cgi-bin/ds_mark.prl?PidBox=HY1061,HY1061,538.5,38.5705555556,-82.8280555556,KY,GREENUP,Q = CHISELED SQUARE,32 = SET IN A RETAINING WALL OR CONCRETE LEDGE,1984,MARK NOT FOUND,NGS,163.911
20260103,http://www.ngs.noaa.gov/cgi-bin/ds_mark.prl?PidBox=HZ0929,HZ0929,543 A,38.6816666667,-85.1805555556,KY,CARROLL,Q = CHISELED SQUARE,66 = SET IN ROCK OUTCROP,20090728,MARK NOT FOUND,GRWAS,144.601
20260103,http://www.ngs.noaa.gov/cgi-bin/ds_mark.prl?PidBox=HZ0928,HZ0928,543 B,38.6802777778,-85.1872222222,KY,CARROLL,Q = CHISELED SQUARE,36 = SET IN A MASSIVE STRUCTURE,1964,MARK NOT FOUND,CGS,137.468
20260103,http://www.ngs.noaa.gov/cgi-bin/ds_mark.prl?PidBox=HA0901,HA0901,547,37.0950000000,-87.9850000000,KY,CALDWELL,P = PIPE CAP,17 = SET INTO TOP OF METAL PIPE DRIVEN INTO GROUND,1968,GOOD,CGS,166.660
20260103,http://www.ngs.noaa.gov/cgi-bin/ds_mark.prl?PidBox=GC2392,GC2392,55 JJS,36.7189510389,-86.5419661750,KY,SIMPSON,DB = BENCH MARK DISK,7 = SET IN TOP OF CONCRETE MONUMENT,1950,MONUMENTED,USGS,196.74
20260103,http://www.ngs.noaa.gov/cgi-bin/ds_mark.prl?PidBox=HZ1226,HZ1226,55 RHP,38.3983333333,-85.4072222222,KY,OLDHAM,DD = SURVEY DISK,7 = SET IN TOP OF CONCRETE MONUMENT,1960,GOOD,PAS,258.857
20260103,http://www.ngs.noaa.gov/cgi-bin/ds_mark.prl?PidBox=GC0056,GC0056,550,36.9400000000,-86.4202777778,KY,WARREN,P = PIPE CAP,17 = SET INTO TOP OF METAL PIPE DRIVEN INTO GROUND,1935,GOOD,CGS,167.277
20260103,http://www.ngs.noaa.gov/cgi-bin/ds_mark.prl?PidBox=GY3324,GY3324,555,37.9354022444,-83.6133791944,KY,MENIFEE,DD = SURVEY DISK,9 = POST (STONE OR PRECAST CONCRETE),1949,GOOD,CGS,409.
20260103,http://www.ngs.noaa.gov/cgi-bin/ds_mark.prl?PidBox=HZ1220,HZ1220,56 RHP,38.3830555556,-85.4413888889,KY,OLDHAM,DD = SURVEY DISK,9 = POST (STONE OR PRECAST CONCRETE),1960,GOOD,PAS,252.930
20260103,http://www.ngs.noaa.gov/cgi-bin/ds_mark.prl?PidBox=HA0320,HA0320,573,37.2258333333,-86.6830555556,KY,BUTLER,P = PIPE CAP,17 = SET INTO TOP OF METAL PIPE DRIVEN INTO GROUND,1940,GOOD,CGS,174.333
20260103,http://www.ngs.noaa.gov/cgi-bin/ds_mark.prl?PidBox=HA0082,HA0082,573.55,37.8888888889,-86.3394444444,KY,BRECKINRIDGE,Q = CHISELED SQUARE,36 = SET IN A MASSIVE STRUCTURE,1954,GOOD,CGS,174.577
20260103,http://www.ngs.noaa.gov/cgi-bin/ds_mark.prl?PidBox=HA0079,HA0079,581.69,37.9086111111,-86.3658333333,KY,BRECKINRIDGE,Q = CHISELED SQUARE,66 = SET IN ROCK OUTCROP,1935,GOOD,CGS,177.073
20260103,http://www.ngs.noaa.gov/cgi-bin/ds_mark.prl?PidBox=HY0842,HY0842,584,38.1155555556,-82.6025000000,KY,LAWRENCE,DB = BENCH MARK DISK,36 = SET IN A MASSIVE STRUCTURE,1963,GOOD,CGS,177.307
20260103,http://www.ngs.noaa.gov/cgi-bin/ds_mark.prl?PidBox=HY2147,HY2147,584 RESET,38.1155555556,-82.6025000000,KY,LAWRENCE,DD = SURVEY DISK,21 = SET IN CONCRETE IN A CLAY TILE PIPE,19960729,GOOD,KYDT,176.92
20260103,http://www.ngs.noaa.gov/cgi-bin/ds_mark.prl?PidBox=HY1760,HY1760,585,38.1433333333,-83.5433333333,KY,ROWAN,Q = CHISELED SQUARE,36 = SET IN A MASSIVE STRUCTURE,20080513,MARK NOT FOUND,GRWAS,205.612
20260103,http://www.ngs.noaa.gov/cgi-bin/ds_mark.prl?PidBox=HZ1070,HZ1070,59 RHP,38.4400000000,-85.4850000000,KY,OLDHAM,DD = SURVEY DISK,9 = POST (STONE OR PRECAST CONCRETE),1954,GOOD,CGS,238.632
20260103,http://www.ngs.noaa.gov/cgi-bin/ds_mark.prl?PidBox=HY1765,HY1765,590.3,38.1091666667,-83.6266666667,KY,BATH,Q = CHISELED SQUARE,36 = SET IN A MASSIVE STRUCTURE,1963,GOOD,CGS,203.200
20260103,http://www.ngs.noaa.gov/cgi-bin/ds_mark.prl?PidBox=HZ0380,HZ0380,599,38.1866916667,-84.8745666667,KY,FRANKLIN,DD = SURVEY DISK,36 = SET IN A MASSIVE STRUCTURE,20070714,GOOD,INDIV,182.372
20260103,http://www.ngs.noaa.gov/cgi-bin/ds_mark.prl?PidBox=HZ1497,HZ1497,6,38.2369444444,-85.8008333333,KY,JEFFERSON,DD = SURVEY DISK,7 = SET IN TOP OF CONCRETE MONUMENT,1961,GOOD,CGS,137.939
20260103,http://www.ngs.noaa.gov/cgi-bin/ds_mark.prl?PidBox=DF5156,DF5156,6 344,38.9747944611,-84.5017940333,KY,KENTON,DD = SURVEY DISK,7 = SET IN TOP OF CONCRETE MONUMENT,20020612,GOOD,WOOLPT,267.1
20260103,http://www.ngs.noaa.gov/cgi-bin/ds_mark.prl?PidBox=GB0091,GB0091,6 R,36.7725000000,-84.1483333333,KY,WHITLEY,B = BOLT,36 = SET IN A MASSIVE STRUCTURE,20060112,GOOD,KYTC,282.116
20260103,http://www.ngs.noaa.gov/cgi-bin/ds_mark.prl?PidBox=HZ1526,HZ1526,60 RHP,38.3788333333,-85.5874722222,KY,OLDHAM,DD = SURVEY DISK,9 = POST (STONE OR PRECAST CONCRETE),19980303,GOOD,USPSQD,195.304
20260103,http://www.ngs.noaa.gov/cgi-bin/ds_mark.prl?PidBox=HY1770,HY1770,602.7,38.0911111111,-83.8369444444,KY,MONTGOMERY,Q = CHISELED SQUARE,36 = SET IN A MASSIVE STRUCTURE,1963,GOOD,CGS,245.814
20260103,http://www.ngs.noaa.gov/cgi-bin/ds_mark.prl?PidBox=HY1781,HY1781,609.8,38.0533333333,-83.9444444444,KY,MONTGOMERY,Q = CHISELED SQUARE,36 = SET IN A MASSIVE STRUCTURE,1955,GOOD,CGS,285.736
20260103,http://www.ngs.noaa.gov/cgi-bin/ds_mark.prl?PidBox=JA0349,JA0349,610,38.0070666667,-86.2032638889,KY,MEADE,DD = SURVEY DISK,7 = SET IN TOP OF CONCRETE MONUMENT,1953,GOOD,CGS,185.976
20260103,http://www.ngs.noaa.gov/cgi-bin/ds_mark.prl?PidBox=HY1782,HY1782,610.1,38.0477777778,-83.9477777778,KY,MONTGOMERY,Q = CHISELED SQUARE,36 = SET IN A MASSIVE STRUCTURE,1935,GOOD,CGS,288.81
20260103,http://www.ngs.noaa.gov/cgi-bin/ds_mark.prl?PidBox=HA0010,HA0010,612.3 RM 2,37.8822222222,-86.2833333333,KY,BRECKINRIDGE,Q = CHISELED SQUARE,30 = SET IN A LIGHT STRUCTURE,1954,MARK NOT FOUND,CGS,186.410
20260103,http://www.ngs.noaa.gov/cgi-bin/ds_mark.prl?PidBox=HY1784,HY1784,612.6,38.0277777778,-83.9816666667,KY,MONTGOMERY,Q = CHISELED SQUARE,30 = SET IN A LIGHT STRUCTURE,1955,GOOD,CGS,319.62
20260103,http://www.ngs.noaa.gov/cgi-bin/ds_mark.prl?PidBox=GY1331,GY1331,615,37.7458333333,-82.7866666667,KY,JOHNSON,P = PIPE CAP,17 = SET INTO TOP OF METAL PIPE DRIVEN INTO GROUND,1956,POOR,CGS,187.287
20260103,http://www.ngs.noaa.gov/cgi-bin/ds_mark.prl?PidBox=HZ1830,HZ1830,626 A,38.0003888889,-85.9464166667,KY,HARDIN,DB = BENCH MARK DISK,36 = SET IN A MASSIVE STRUCTURE,1953,POOR,CGS,134.179
20260103,http://www.ngs.noaa.gov/cgi-bin/ds_mark.prl?PidBox=HZ1171,HZ1171,629,38.2304444444,-85.4248611111,KY,JEFFERSON,P = PIPE CAP,17 = SET INTO TOP OF METAL PIPE DRIVEN INTO GROUND,20100821,POOR,GEOCAC,191.626
20260103,http://www.ngs.noaa.gov/cgi-bin/ds_mark.prl?PidBox=HZ1564,HZ1564,63 EOM,38.3194444444,-85.5011111111,KY,OLDHAM,DD = SURVEY DISK,9 = POST (STONE OR PRECAST CONCRETE),19980325,MARK NOT FOUND,USPSQD,220.302
20260103,http://www.ngs.noaa.gov/cgi-bin/ds_mark.prl?PidBox=HB0371,HB0371,63 M,37.0881222222,-88.6924888889,KY,MCCRACKEN,DD = SURVEY DISK,7 = SET IN TOP OF CONCRETE MONUMENT,20031018,MARK NOT FOUND,USPSQD,116.119
20260103,http://www.ngs.noaa.gov/cgi-bin/ds_mark.prl?PidBox=HA0317,HA0317,635,37.2461111111,-86.7205555556,KY,BUTLER,P = PIPE CAP,17 = SET INTO TOP OF METAL PIPE DRIVEN INTO GROUND,20011106,GOOD,KYDT,193.291
20260103,http://www.ngs.noaa.gov/cgi-bin/ds_mark.prl?PidBox=GY1344,GY1344,635,37.6669444444,-82.7305555556,KY,FLOYD,DB = BENCH MARK DISK,36 = SET IN A MASSIVE STRUCTURE,20011106,GOOD,KYDT,193.130
20260103,http://www.ngs.noaa.gov/cgi-bin/ds_mark.prl?PidBox=GY1354,GY1354,638,37.6122222222,-82.7305555556,KY,FLOYD,DD = SURVEY DISK,36 = SET IN A MASSIVE STRUCTURE,20010613,GOOD,KYDT,194.265
20260103,http://www.ngs.noaa.gov/cgi-bin/ds_mark.prl?PidBox=HB0375,HB0375,64 M,37.0828743444,-88.7484705639,KY,MCCRACKEN,DD = SURVEY DISK,7 = SET IN TOP OF CONCRETE MONUMENT,20210719,GOOD,AEI,109.699
20260103,http://www.ngs.noaa.gov/cgi-bin/ds_mark.prl?PidBox=GD0499,GD0499,64 WSM,36.6700000000,-89.1219444444,KY,HICKMAN,DD = SURVEY DISK,7 = SET IN TOP OF CONCRETE MONUMENT,20020814,GOOD,USACE,110.439
20260103,http://www.ngs.noaa.gov/cgi-bin/ds_mark.prl?PidBox=HB0127,HB0127,642,37.2912083333,-88.0882972222,KY,CRITTENDEN,DB = BENCH MARK DISK,66 = SET IN ROCK OUTCROP,1949,GOOD,CGS,195.462
20260103,http://www.ngs.noaa.gov/cgi-bin/ds_mark.prl?PidBox=GY1357,GY1357,653,37.5900000000,-82.6663888889,KY,FLOYD,DD = SURVEY DISK,32 = SET IN A RETAINING WALL OR CONCRETE LEDGE,20010613,MARK NOT FOUND,KYDT,198.748
20260103,http://www.ngs.noaa.gov/cgi-bin/ds_mark.prl?PidBox=GY1634,GY1634,654,37.7266472222,-82.7410611111,KY,FLOYD,DB = BENCH MARK DISK,66 = SET IN ROCK OUTCROP,20030813,POOR,KYDT,199.093
20260103,http://www.ngs.noaa.gov/cgi-bin/ds_mark.prl?PidBox=GY1582,GY1582,655,37.6805555556,-82.5891666667,KY,PIKE,DB = BENCH MARK DISK,66 = SET IN ROCK OUTCROP,20010612,MARK NOT FOUND,KYDT,199.293
20260103,http://www.ngs.noaa.gov/cgi-bin/ds_mark.prl?PidBox=GY1609,GY1609,655,37.7400000000,-82.5033333333,KY,MARTIN,DD = SURVEY DISK,66 = SET IN ROCK OUTCROP,1952,MARK NOT FOUND,CGS,199.395
20260103,http://www.ngs.noaa.gov/cgi-bin/ds_mark.prl?PidBox=HY0828,HY0828,66 NY,38.4963888889,-82.6733333333,KY,BOYD,DD = SURVEY DISK,7 = SET IN TOP OF CONCRETE MONUMENT,1984,MARK NOT FOUND,NGS,171.861
20260103,http://www.ngs.noaa.gov/cgi-bin/ds_mark.prl?PidBox=HA0097,HA0097,669.6,37.6066666667,-86.4255555556,KY,BRECKINRIDGE,Q = CHISELED SQUARE,30 = SET IN A LIGHT STRUCTURE,1935,GOOD,CGS,203.886
20260103,http://www.ngs.noaa.gov/cgi-bin/ds_mark.prl?PidBox=GY2823,GY2823,670,37.8232472222,-83.7525083333,KY,POWELL,DD = SURVEY DISK,36 = SET IN A MASSIVE STRUCTURE,20070722,MARK NOT FOUND,INDIV,204.138
20260103,http://www.ngs.noaa.gov/cgi-bin/ds_mark.prl?PidBox=HA0353,HA0353,676.6,37.7072222222,-86.5177777778,KY,BRECKINRIDGE,Q = CHISELED SQUARE,30 = SET IN A LIGHT STRUCTURE,1935,GOOD,CGS,206.065
20260103,http://www.ngs.noaa.gov/cgi-bin/ds_mark.prl?PidBox=GY2813,GY2813,677,37.8455555556,-83.8597222222,KY,POWELL,DD = SURVEY DISK,31 = SET IN A PAVEMENT SUCH AS STREET SIDEWALK CURB ETC.,1958,GOOD,CGS,206.325
20260103,http://www.ngs.noaa.gov/cgi-bin/ds_mark.prl?PidBox=GY1605,GY1605,677,37.6541666667,-82.5763888889,KY,PIKE,DD = SURVEY DISK,66 = SET IN ROCK OUTCROP,20010612,MARK NOT FOUND,KYDT,206.113
20260103,http://www.ngs.noaa.gov/cgi-bin/ds_mark.prl?PidBox=GY0811,GY0811,679,37.4636111111,-82.5250000000,KY,PIKE,DB = BENCH MARK DISK,36 = SET IN A MASSIVE STRUCTURE,20080712,GOOD,KYTC,206.848
20260103,http://www.ngs.noaa.gov/cgi-bin/ds_mark.prl?PidBox=HY1788,HY1788,681.1,38.3416666667,-83.9633333333,KY,NICHOLAS,X = CHISELED CROSS,36 = SET IN A MASSIVE STRUCTURE,1955,GOOD,CGS,207.29
20260103,http://www.ngs.noaa.gov/cgi-bin/ds_mark.prl?PidBox=GY2820,GY2820,683,37.8409694444,-83.7720444444,KY,POWELL,DB = BENCH MARK DISK,7 = SET IN TOP OF CONCRETE MONUMENT,1958,GOOD,CGS,207.972
20260103,http://www.ngs.noaa.gov/cgi-bin/ds_mark.prl?PidBox=HZ1212,HZ1212,69 EOM,38.3572222222,-85.4722222222,KY,OLDHAM,DD = SURVEY DISK,9 = POST (STONE OR PRECAST CONCRETE),19980325,MARK NOT FOUND,USPSQD,246.528
20260103,http://www.ngs.noaa.gov/cgi-bin/ds_mark.prl?PidBox=HZ1106,HZ1106,691.84,38.4894444444,-85.2763888889,KY,HENRY,Q = CHISELED SQUARE,36 = SET IN A MASSIVE STRUCTURE,1950,GOOD,CGS,210.618
20260103,http://www.ngs.noaa.gov/cgi-bin/ds_mark.prl?PidBox=GY2801,GY2801,693,37.8883833333,-83.9579888889,KY,POWELL,DB = BENCH MARK DISK,7 = SET IN TOP OF CONCRETE MONUMENT,1958,GOOD,CGS,211.165
20260103,http://www.ngs.noaa.gov/cgi-bin/ds_mark.prl?PidBox=HA0242,HA0242,694,37.4897222222,-86.2538888889,KY,GRAYSON,Q = CHISELED SQUARE,30 = SET IN A LIGHT STRUCTURE,20110314,MARK NOT FOUND,AEI,211.084
20260103,http://www.ngs.noaa.gov/cgi-bin/ds_mark.prl?PidBox=GY1601,GY1601,694,37.6286111111,-82.5511111111,KY,PIKE,DD = SURVEY DISK,66 = SET IN ROCK OUTCROP,20011106,POOR,KYDT,211.203
20260103,http://www.ngs.noaa.gov/cgi-bin/ds_mark.prl?PidBox=GY2827,GY2827,696,37.8148910083,-83.7187325000,KY,POWELL,DD = SURVEY DISK,36 = SET IN A MASSIVE STRUCTURE,20150819,GOOD,LISASI,212.022
20260103,http://www.ngs.noaa.gov/cgi-bin/ds_mark.prl?PidBox=GY0851,GY0851,698,37.4255555556,-82.4977777778,KY,PIKE,DD = SURVEY DISK,36 = SET IN A MASSIVE STRUCTURE,1956,POOR,CGS,212.475
20260103,http://www.ngs.noaa.gov/cgi-bin/ds_mark.prl?PidBox=HZ1529,HZ1529,699,38.4019444444,-85.5750000000,KY,OLDHAM,DB = BENCH MARK DISK,36 = SET IN A MASSIVE STRUCTURE,19980303,GOOD,USPSQD,212.857
20260103,http://www.ngs.noaa.gov/cgi-bin/ds_mark.prl?PidBox=AC6044,AC6044,6I2 A,37.6355412833,-85.2494162667,KY,WASHINGTON,I = METAL ROD,49 = STAINLESS STEEL ROD W/O SLEEVE (10 FT.+),20170627,GOOD,INDIV,250.44
