DATA_DATE,DATA_SRCE,PID,NAME,DEC_LAT,DEC_LON,STATE,COUNTY,MARKER,SETTING,LAST_RECV,LAST_COND,LAST_RECBY,ORTHO_HT
20260103,http://www.ngs.noaa.gov/cgi-bin/ds_mark.prl?PidBox=AA6800,AA6800,0 173,42.1889415944,-83.5425404722,MI,WAYNE,DH = HORIZONTAL CONTROL DISK,7 = SET IN TOP OF CONCRETE MONUMENT,20210709,SEE DESCRIPTION,MI-161,212.8
20260103,http://www.ngs.noaa.gov/cgi-bin/ds_mark.prl?PidBox=RJ1269,RJ1269,0 SLC+033,46.5018628667,-84.3638766139,MI,CHIPPEWA,DS = TRIANGULATION STATION DISK,35 = SET IN A MAT FOUNDATION OR CONCRETE SLAB OTHER THAN PAVEMENT,1988,MONUMENTED,USACE,184.9
20260103,http://www.ngs.noaa.gov/cgi-bin/ds_mark.prl?PidBox=AA5165,AA5165,0001A,42.2449933250,-83.7638402917,MI,WASHTENAW,DD = SURVEY DISK,7 = SET IN TOP OF CONCRETE MONUMENT,20160511,MARK NOT FOUND,MI0150,280.172
20260103,http://www.ngs.noaa.gov/cgi-bin/ds_mark.prl?PidBox=AA5170,AA5170,0001B,42.2462007556,-83.7623426083,MI,WASHTENAW,DD = SURVEY DISK,7 = SET IN TOP OF CONCRETE MONUMENT,20160511,MARK NOT FOUND,MI0150,281.510
20260103,http://www.ngs.noaa.gov/cgi-bin/ds_mark.prl?PidBox=AA5167,AA5167,0002A,42.2561905556,-83.7794676444,MI,WASHTENAW,DD = SURVEY DISK,7 = SET IN TOP OF CONCRETE MONUMENT,20160503,GOOD,MI0150,293.679
20260103,http://www.ngs.noaa.gov/cgi-bin/ds_mark.prl?PidBox=AA5166,AA5166,0002B,42.2564734889,-83.7694314167,MI,WASHTENAW,DD = SURVEY DISK,7 = SET IN TOP OF CONCRETE MONUMENT,20160503,GOOD,MI0150,283.928
20260103,http://www.ngs.noaa.gov/cgi-bin/ds_mark.prl?PidBox=AA5171,AA5171,0003A,42.2908557056,-83.7968443417,MI,WASHTENAW,DD = SURVEY DISK,7 = SET IN TOP OF CONCRETE MONUMENT,20160509,GOOD,MI0150,289.526
20260103,http://www.ngs.noaa.gov/cgi-bin/ds_mark.prl?PidBox=AA5173,AA5173,0004A,42.3005784778,-83.7747955417,MI,WASHTENAW,DD = SURVEY DISK,7 = SET IN TOP OF CONCRETE MONUMENT,20160503,GOOD,MI0150,290.673
20260103,http://www.ngs.noaa.gov/cgi-bin/ds_mark.prl?PidBox=AA5174,AA5174,0004B,42.2985842556,-83.7659453694,MI,WASHTENAW,DD = SURVEY DISK,7 = SET IN TOP OF CONCRETE MONUMENT,20160503,GOOD,MI0150,299.896
20260103,http://www.ngs.noaa.gov/cgi-bin/ds_mark.prl?PidBox=AA5179,AA5179,0005A,42.2925695417,-83.7054344306,MI,WASHTENAW,DB = BENCH MARK DISK,7 = SET IN TOP OF CONCRETE MONUMENT,20200707,GOOD,MIDT,248.771
20260103,http://www.ngs.noaa.gov/cgi-bin/ds_mark.prl?PidBox=AA5192,AA5192,0005B,42.2862695083,-83.7029823639,MI,WASHTENAW,DB = BENCH MARK DISK,7 = SET IN TOP OF CONCRETE MONUMENT,20160905,GOOD,MI0150,239.815
20260103,http://www.ngs.noaa.gov/cgi-bin/ds_mark.prl?PidBox=AA5178,AA5178,0006A,42.3213339389,-83.7357011250,MI,WASHTENAW,DD = SURVEY DISK,7 = SET IN TOP OF CONCRETE MONUMENT,20160503,GOOD,MI0150,288.950
20260103,http://www.ngs.noaa.gov/cgi-bin/ds_mark.prl?PidBox=AA5180,AA5180,0006B,42.3243669972,-83.7081766778,MI,WASHTENAW,DD = SURVEY DISK,7 = SET IN TOP OF CONCRETE MONUMENT,20160904,GOOD,MI0150,292.104
20260103,http://www.ngs.noaa.gov/cgi-bin/ds_mark.prl?PidBox=AA5181,AA5181,0007 A,42.3226773083,-83.6896059333,MI,WASHTENAW,DD = SURVEY DISK,7 = SET IN TOP OF CONCRETE MONUMENT,20200714,GOOD,MIDT,298.033
20260103,http://www.ngs.noaa.gov/cgi-bin/ds_mark.prl?PidBox=AA5182,AA5182,0007B,42.3068146083,-83.6866862306,MI,WASHTENAW,DB = BENCH MARK DISK,7 = SET IN TOP OF CONCRETE MONUMENT,20160904,GOOD,MI0150,277.709
20260103,http://www.ngs.noaa.gov/cgi-bin/ds_mark.prl?PidBox=AA5184,AA5184,0008A,42.2745099222,-83.6765799250,MI,WASHTENAW,DB = BENCH MARK DISK,7 = SET IN TOP OF CONCRETE MONUMENT,20160905,GOOD,MI0150,249.549
20260103,http://www.ngs.noaa.gov/cgi-bin/ds_mark.prl?PidBox=AA5183,AA5183,0008B,42.2842023222,-83.6758934333,MI,WASHTENAW,DB = BENCH MARK DISK,7 = SET IN TOP OF CONCRETE MONUMENT,20160905,GOOD,MI0150,269.071
20260103,http://www.ngs.noaa.gov/cgi-bin/ds_mark.prl?PidBox=AA5185,AA5185,0009A,42.2564598722,-83.6847033361,MI,WASHTENAW,DD = SURVEY DISK,7 = SET IN TOP OF CONCRETE MONUMENT,20160905,GOOD,MI0150,247.886
20260103,http://www.ngs.noaa.gov/cgi-bin/ds_mark.prl?PidBox=AA5188,AA5188,0009B,42.2456896472,-83.6832851778,MI,WASHTENAW,DD = SURVEY DISK,7 = SET IN TOP OF CONCRETE MONUMENT,20160923,GOOD,MI0150,257.760
20260103,http://www.ngs.noaa.gov/cgi-bin/ds_mark.prl?PidBox=AA5189,AA5189,0010B,42.2298966806,-83.7120446806,MI,WASHTENAW,DD = SURVEY DISK,7 = SET IN TOP OF CONCRETE MONUMENT,20160923,GOOD,MI0150,258.388
20260103,http://www.ngs.noaa.gov/cgi-bin/ds_mark.prl?PidBox=AA5162,AA5162,0011A,42.2426141944,-83.7392233278,MI,WASHTENAW,DD = SURVEY DISK,7 = SET IN TOP OF CONCRETE MONUMENT,20160511,GOOD,MI0150,261.750
20260103,http://www.ngs.noaa.gov/cgi-bin/ds_mark.prl?PidBox=AA5163,AA5163,0011B,42.2373109111,-83.7391284944,MI,WASHTENAW,DD = SURVEY DISK,7 = SET IN TOP OF CONCRETE MONUMENT,20160511,GOOD,MI0150,263.242
20260103,http://www.ngs.noaa.gov/cgi-bin/ds_mark.prl?PidBox=AA5176,AA5176,0013A,42.2814539167,-83.7497513722,MI,WASHTENAW,DD = SURVEY DISK,7 = SET IN TOP OF CONCRETE MONUMENT,20160509,GOOD,MI0150,252.716
20260103,http://www.ngs.noaa.gov/cgi-bin/ds_mark.prl?PidBox=AA5172,AA5172,0013B,42.2819856583,-83.7659409167,MI,WASHTENAW,DD = SURVEY DISK,7 = SET IN TOP OF CONCRETE MONUMENT,20160509,MARK NOT FOUND,MI0150,266.381
20260103,http://www.ngs.noaa.gov/cgi-bin/ds_mark.prl?PidBox=AA5177,AA5177,0014A,42.2869894778,-83.7325895583,MI,WASHTENAW,DB = BENCH MARK DISK,7 = SET IN TOP OF CONCRETE MONUMENT,20230414,GOOD,MCA,239.613
20260103,http://www.ngs.noaa.gov/cgi-bin/ds_mark.prl?PidBox=AA5191,AA5191,0014B,42.2863894139,-83.7257832694,MI,WASHTENAW,DD = SURVEY DISK,7 = SET IN TOP OF CONCRETE MONUMENT,20160905,GOOD,MI0150,230.251
20260103,http://www.ngs.noaa.gov/cgi-bin/ds_mark.prl?PidBox=AA5186,AA5186,0015A,42.2630912778,-83.7163101806,MI,WASHTENAW,DD = SURVEY DISK,7 = SET IN TOP OF CONCRETE MONUMENT,20160905,GOOD,MI0150,280.171
20260103,http://www.ngs.noaa.gov/cgi-bin/ds_mark.prl?PidBox=AA5187,AA5187,0015B,42.2593478500,-83.7114416250,MI,WASHTENAW,DD = SURVEY DISK,7 = SET IN TOP OF CONCRETE MONUMENT,20160905,GOOD,MI0150,265.583
20260103,http://www.ngs.noaa.gov/cgi-bin/ds_mark.prl?PidBox=AA5164,AA5164,0016,42.2450751167,-83.7094066139,MI,WASHTENAW,DD = SURVEY DISK,7 = SET IN TOP OF CONCRETE MONUMENT,20250718,GOOD,USPSQD,249.223
20260103,http://www.ngs.noaa.gov/cgi-bin/ds_mark.prl?PidBox=AA5190,AA5190,0017,42.2604353722,-83.7353210139,MI,WASHTENAW,DD = SURVEY DISK,7 = SET IN TOP OF CONCRETE MONUMENT,20250718,GOOD,USPSQD,252.649
20260103,http://www.ngs.noaa.gov/cgi-bin/ds_mark.prl?PidBox=AA5168,AA5168,0018,42.2675930833,-83.7556684444,MI,WASHTENAW,DB = BENCH MARK DISK,7 = SET IN TOP OF CONCRETE MONUMENT,20160509,GOOD,MI0150,281.044
20260103,http://www.ngs.noaa.gov/cgi-bin/ds_mark.prl?PidBox=AA5169,AA5169,0019,42.2717707056,-83.7830487417,MI,WASHTENAW,DB = BENCH MARK DISK,7 = SET IN TOP OF CONCRETE MONUMENT,20160509,GOOD,MI0150,297.093
20260103,http://www.ngs.noaa.gov/cgi-bin/ds_mark.prl?PidBox=AA5175,AA5175,0020,42.2992213667,-83.7348267139,MI,WASHTENAW,DD = SURVEY DISK,7 = SET IN TOP OF CONCRETE MONUMENT,20160503,GOOD,MI0150,257.571
20260103,http://www.ngs.noaa.gov/cgi-bin/ds_mark.prl?PidBox=AA5421,AA5421,01012,42.8687427778,-83.5709794750,MI,OAKLAND,DD = SURVEY DISK,7 = SET IN TOP OF CONCRETE MONUMENT,20060104,GOOD,INDIV,280.2
20260103,http://www.ngs.noaa.gov/cgi-bin/ds_mark.prl?PidBox=AA5422,AA5422,01062,42.8637713278,-83.6764432167,MI,OAKLAND,DD = SURVEY DISK,7 = SET IN TOP OF CONCRETE MONUMENT,20240604,MARK NOT FOUND,MIDT,272.9
20260103,http://www.ngs.noaa.gov/cgi-bin/ds_mark.prl?PidBox=AB2292,AB2292,01101,44.5261015639,-83.4217897611,MI,ALCONA,DH = HORIZONTAL CONTROL DISK,7 = SET IN TOP OF CONCRETE MONUMENT,20051211,GOOD,USPSQD,192.0
20260103,http://www.ngs.noaa.gov/cgi-bin/ds_mark.prl?PidBox=AB2298,AB2298,01102,44.6558960361,-83.4233990917,MI,ALCONA,DH = HORIZONTAL CONTROL DISK,7 = SET IN TOP OF CONCRETE MONUMENT,20051211,GOOD,USPSQD,217.2
20260103,http://www.ngs.noaa.gov/cgi-bin/ds_mark.prl?PidBox=AB2297,AB2297,01103,44.6935606917,-83.2889640861,MI,ALCONA,DH = HORIZONTAL CONTROL DISK,7 = SET IN TOP OF CONCRETE MONUMENT,20050716,GOOD,USPSQD,191.7
20260103,http://www.ngs.noaa.gov/cgi-bin/ds_mark.prl?PidBox=AA2766,AA2766,01104,44.8440606306,-83.4040999583,MI,ALCONA,DH = HORIZONTAL CONTROL DISK,7 = SET IN TOP OF CONCRETE MONUMENT,20190807,GOOD,INDIV,244.9
20260103,http://www.ngs.noaa.gov/cgi-bin/ds_mark.prl?PidBox=PK0348,PK0348,01105,44.6141734500,-83.8304197028,MI,ALCONA,DH = HORIZONTAL CONTROL DISK,7 = SET IN TOP OF CONCRETE MONUMENT,19960512,GOOD,USPSQD,271.8
20260103,http://www.ngs.noaa.gov/cgi-bin/ds_mark.prl?PidBox=AB2291,AB2291,01107,44.5433555417,-83.7164311000,MI,ALCONA,DH = HORIZONTAL CONTROL DISK,7 = SET IN TOP OF CONCRETE MONUMENT,19990820,GOOD,USPSQD,308.4
20260103,http://www.ngs.noaa.gov/cgi-bin/ds_mark.prl?PidBox=AA2767,AA2767,01200,44.8364033750,-83.3856823500,MI,ALCONA,DH = HORIZONTAL CONTROL DISK,7 = SET IN TOP OF CONCRETE MONUMENT,20190807,GOOD,INDIV,231.5
20260103,http://www.ngs.noaa.gov/cgi-bin/ds_mark.prl?PidBox=AB2294,AB2294,01202,44.7512733444,-83.3223990139,MI,ALCONA,DH = HORIZONTAL CONTROL DISK,7 = SET IN TOP OF CONCRETE MONUMENT,20070726,GOOD,INDIV,231.3
20260103,http://www.ngs.noaa.gov/cgi-bin/ds_mark.prl?PidBox=AB2296,AB2296,01203,44.7508710639,-83.3434716611,MI,ALCONA,DH = HORIZONTAL CONTROL DISK,7 = SET IN TOP OF CONCRETE MONUMENT,20050829,GOOD,USPSQD,239.3
20260103,http://www.ngs.noaa.gov/cgi-bin/ds_mark.prl?PidBox=AB2293,AB2293,01204,44.6556617889,-83.4511647028,MI,ALCONA,DH = HORIZONTAL CONTROL DISK,7 = SET IN TOP OF CONCRETE MONUMENT,20051211,MARK NOT FOUND,USPSQD,213.8
20260103,http://www.ngs.noaa.gov/cgi-bin/ds_mark.prl?PidBox=AB2295,AB2295,01205,44.5418601278,-83.4220565250,MI,ALCONA,DH = HORIZONTAL CONTROL DISK,7 = SET IN TOP OF CONCRETE MONUMENT,20051211,GOOD,USPSQD,203.2
20260103,http://www.ngs.noaa.gov/cgi-bin/ds_mark.prl?PidBox=AA5423,AA5423,01362,42.7932278944,-83.5773562444,MI,OAKLAND,DD = SURVEY DISK,7 = SET IN TOP OF CONCRETE MONUMENT,20060104,POOR,INDIV,301.9
20260103,http://www.ngs.noaa.gov/cgi-bin/ds_mark.prl?PidBox=AA5415,AA5415,02362,42.7970080639,-83.4523079111,MI,OAKLAND,DD = SURVEY DISK,7 = SET IN TOP OF CONCRETE MONUMENT,20060104,GOOD,INDIV,332.5
20260103,http://www.ngs.noaa.gov/cgi-bin/ds_mark.prl?PidBox=AA5425,AA5425,03012,42.8826155500,-83.3372487917,MI,OAKLAND,A = ALUMINUM MARKER,7 = SET IN TOP OF CONCRETE MONUMENT,20060104,MARK NOT FOUND,INDIV,340.2
20260103,http://www.ngs.noaa.gov/cgi-bin/ds_mark.prl?PidBox=AA5426,AA5426,03061,42.8778803000,-83.4545073222,MI,GENESEE,A = ALUMINUM MARKER,7 = SET IN TOP OF CONCRETE MONUMENT,20060104,MARK NOT FOUND,INDIV,285.1
20260103,http://www.ngs.noaa.gov/cgi-bin/ds_mark.prl?PidBox=AA3826,AA3826,03200,42.4430738250,-85.6215448333,MI,ALLEGAN,DH = HORIZONTAL CONTROL DISK,7 = SET IN TOP OF CONCRETE MONUMENT,20090818,GOOD,ROWEIN,224.6
20260103,http://www.ngs.noaa.gov/cgi-bin/ds_mark.prl?PidBox=AA3827,AA3827,03201,42.4429595111,-85.6016724472,MI,ALLEGAN,DH = HORIZONTAL CONTROL DISK,7 = SET IN TOP OF CONCRETE MONUMENT,20090818,GOOD,ROWEIN,254.6
20260103,http://www.ngs.noaa.gov/cgi-bin/ds_mark.prl?PidBox=AA3828,AA3828,03202,42.7337576083,-86.1399211361,MI,ALLEGAN,DH = HORIZONTAL CONTROL DISK,7 = SET IN TOP OF CONCRETE MONUMENT,20111202,GOOD,INDIV,217.6
20260103,http://www.ngs.noaa.gov/cgi-bin/ds_mark.prl?PidBox=AA3829,AA3829,03203,42.7365888917,-86.1207617250,MI,ALLEGAN,DH = HORIZONTAL CONTROL DISK,7 = SET IN TOP OF CONCRETE MONUMENT,19930929,GOOD,MIDT,214.7
20260103,http://www.ngs.noaa.gov/cgi-bin/ds_mark.prl?PidBox=AA3830,AA3830,03204,42.4403481861,-86.2453163528,MI,ALLEGAN,DH = HORIZONTAL CONTROL DISK,7 = SET IN TOP OF CONCRETE MONUMENT,20040701,GOOD,INDIV,198.0
20260103,http://www.ngs.noaa.gov/cgi-bin/ds_mark.prl?PidBox=AA3831,AA3831,03205,42.4557372278,-86.2354818722,MI,ALLEGAN,DH = HORIZONTAL CONTROL DISK,7 = SET IN TOP OF CONCRETE MONUMENT,20040701,GOOD,INDIV,196.7
20260103,http://www.ngs.noaa.gov/cgi-bin/ds_mark.prl?PidBox=AA3832,AA3832,03206,42.5079880722,-86.2178320472,MI,ALLEGAN,DH = HORIZONTAL CONTROL DISK,7 = SET IN TOP OF CONCRETE MONUMENT,20010808,GOOD,NGS,209.6
20260103,http://www.ngs.noaa.gov/cgi-bin/ds_mark.prl?PidBox=AA3833,AA3833,03207,42.5227865722,-86.2187233806,MI,ALLEGAN,DH = HORIZONTAL CONTROL DISK,7 = SET IN TOP OF CONCRETE MONUMENT,20010808,GOOD,NGS,201.0
20260103,http://www.ngs.noaa.gov/cgi-bin/ds_mark.prl?PidBox=AA3834,AA3834,03208,42.5871137611,-86.2154361806,MI,ALLEGAN,,,20120522,MARK NOT FOUND,MIDT,196.8
20260103,http://www.ngs.noaa.gov/cgi-bin/ds_mark.prl?PidBox=AA3835,AA3835,03209,42.6022170083,-86.2179776361,MI,ALLEGAN,DH = HORIZONTAL CONTROL DISK,7 = SET IN TOP OF CONCRETE MONUMENT,20010808,GOOD,NGS,200.4
20260103,http://www.ngs.noaa.gov/cgi-bin/ds_mark.prl?PidBox=AA3836,AA3836,03210,42.6739730278,-86.1694955444,MI,ALLEGAN,DH = HORIZONTAL CONTROL DISK,7 = SET IN TOP OF CONCRETE MONUMENT,20090801,GOOD,GEODES,197.7
20260103,http://www.ngs.noaa.gov/cgi-bin/ds_mark.prl?PidBox=AA3837,AA3837,03211,42.6909052167,-86.1703719028,MI,ALLEGAN,DH = HORIZONTAL CONTROL DISK,7 = SET IN TOP OF CONCRETE MONUMENT,20090801,GOOD,GEODES,210.6
20260103,http://www.ngs.noaa.gov/cgi-bin/ds_mark.prl?PidBox=DL5103,DL5103,03600,42.7539166667,-85.6818277778,MI,ALLEGAN,DD = SURVEY DISK,7 = SET IN TOP OF CONCRETE MONUMENT,20250910,GOOD,MIDT,236.280
20260103,http://www.ngs.noaa.gov/cgi-bin/ds_mark.prl?PidBox=DL5104,DL5104,03601,42.7393388889,-85.6806916667,MI,ALLEGAN,DD = SURVEY DISK,7 = SET IN TOP OF CONCRETE MONUMENT,20250715,GOOD,MIDT,237.532
20260103,http://www.ngs.noaa.gov/cgi-bin/ds_mark.prl?PidBox=DL5105,DL5105,03602,42.7102786639,-85.6835837472,MI,ALLEGAN,DD = SURVEY DISK,7 = SET IN TOP OF CONCRETE MONUMENT,20200604,GOOD,MIDT,234.959
20260103,http://www.ngs.noaa.gov/cgi-bin/ds_mark.prl?PidBox=DL5106,DL5106,03603,42.6874694444,-85.6820444444,MI,ALLEGAN,DD = SURVEY DISK,7 = SET IN TOP OF CONCRETE MONUMENT,20080611,MONUMENTED,COLEM,231.915
20260103,http://www.ngs.noaa.gov/cgi-bin/ds_mark.prl?PidBox=DL5107,DL5107,03604,42.6742972222,-85.6730361111,MI,ALLEGAN,DD = SURVEY DISK,7 = SET IN TOP OF CONCRETE MONUMENT,20080611,MONUMENTED,COLEM,223.297
20260103,http://www.ngs.noaa.gov/cgi-bin/ds_mark.prl?PidBox=DL5108,DL5108,03605,42.6524027778,-85.6725361111,MI,ALLEGAN,DD = SURVEY DISK,38 = SET IN THE ABUTMENT OR PIER OF A LARGE BRIDGE,20080604,MONUMENTED,COLEM,221.555
20260103,http://www.ngs.noaa.gov/cgi-bin/ds_mark.prl?PidBox=DL5110,DL5110,03607,42.5713754306,-85.6416688000,MI,ALLEGAN,DD = SURVEY DISK,7 = SET IN TOP OF CONCRETE MONUMENT,20080612,MONUMENTED,COLEM,250.621
20260103,http://www.ngs.noaa.gov/cgi-bin/ds_mark.prl?PidBox=DL5111,DL5111,03608,42.5370777778,-85.6502833333,MI,ALLEGAN,DD = SURVEY DISK,7 = SET IN TOP OF CONCRETE MONUMENT,20250714,GOOD,MIDT,252.686
20260103,http://www.ngs.noaa.gov/cgi-bin/ds_mark.prl?PidBox=DL5112,DL5112,03609,42.5149481417,-85.6560101778,MI,ALLEGAN,DD = SURVEY DISK,7 = SET IN TOP OF CONCRETE MONUMENT,20200609,GOOD,MIDT,247.105
20260103,http://www.ngs.noaa.gov/cgi-bin/ds_mark.prl?PidBox=DL5113,DL5113,03610,42.4952777778,-85.6522277778,MI,ALLEGAN,DD = SURVEY DISK,7 = SET IN TOP OF CONCRETE MONUMENT,20080612,MONUMENTED,COLEM,246.353
20260103,http://www.ngs.noaa.gov/cgi-bin/ds_mark.prl?PidBox=DL5114,DL5114,03611,42.4723222222,-85.6533166667,MI,ALLEGAN,DD = SURVEY DISK,7 = SET IN TOP OF CONCRETE MONUMENT,20141029,GOOD,INDIV,219.058
20260103,http://www.ngs.noaa.gov/cgi-bin/ds_mark.prl?PidBox=DQ6951,DQ6951,03612,42.4314777778,-86.2557194444,MI,ALLEGAN,F = FLANGE-ENCASED ROD,60 = ALUMINUM ALLOY ROD IN SLEEVE (10 FT.+),20120605,MONUMENTED,MIDT,205.211
20260103,http://www.ngs.noaa.gov/cgi-bin/ds_mark.prl?PidBox=DQ6952,DQ6952,03613,42.4526138889,-86.2491777778,MI,ALLEGAN,F = FLANGE-ENCASED ROD,60 = ALUMINUM ALLOY ROD IN SLEEVE (10 FT.+),20120605,MONUMENTED,MIDT,200.429
20260103,http://www.ngs.noaa.gov/cgi-bin/ds_mark.prl?PidBox=DQ6953,DQ6953,03614,42.4699111111,-86.2465222222,MI,ALLEGAN,F = FLANGE-ENCASED ROD,60 = ALUMINUM ALLOY ROD IN SLEEVE (10 FT.+),20120605,MONUMENTED,MIDT,195.588
20260103,http://www.ngs.noaa.gov/cgi-bin/ds_mark.prl?PidBox=DQ6954,DQ6954,03615,42.5061527778,-86.2282305556,MI,ALLEGAN,F = FLANGE-ENCASED ROD,60 = ALUMINUM ALLOY ROD IN SLEEVE (10 FT.+),20250710,GOOD,MIDT,209.090
20260103,http://www.ngs.noaa.gov/cgi-bin/ds_mark.prl?PidBox=DQ6955,DQ6955,03616,42.5259111111,-86.2275333333,MI,ALLEGAN,F = FLANGE-ENCASED ROD,60 = ALUMINUM ALLOY ROD IN SLEEVE (10 FT.+),20120606,MONUMENTED,MIDT,200.448
20260103,http://www.ngs.noaa.gov/cgi-bin/ds_mark.prl?PidBox=DQ6956,DQ6956,03617,42.5417333333,-86.2279777778,MI,ALLEGAN,F = FLANGE-ENCASED ROD,60 = ALUMINUM ALLOY ROD IN SLEEVE (10 FT.+),20120606,MONUMENTED,MIDT,203.087
20260103,http://www.ngs.noaa.gov/cgi-bin/ds_mark.prl?PidBox=DQ6957,DQ6957,03618,42.5631027778,-86.2291222222,MI,ALLEGAN,F = FLANGE-ENCASED ROD,60 = ALUMINUM ALLOY ROD IN SLEEVE (10 FT.+),20120606,MONUMENTED,MIDT,191.705
20260103,http://www.ngs.noaa.gov/cgi-bin/ds_mark.prl?PidBox=DQ6958,DQ6958,03619,42.5846777778,-86.2267194444,MI,ALLEGAN,F = FLANGE-ENCASED ROD,60 = ALUMINUM ALLOY ROD IN SLEEVE (10 FT.+),20120606,MONUMENTED,MIDT,189.913
20260103,http://www.ngs.noaa.gov/cgi-bin/ds_mark.prl?PidBox=DQ6959,DQ6959,03620,42.5948583333,-86.2111527778,MI,ALLEGAN,F = FLANGE-ENCASED ROD,60 = ALUMINUM ALLOY ROD IN SLEEVE (10 FT.+),20120606,MONUMENTED,MIDT,208.505
20260103,http://www.ngs.noaa.gov/cgi-bin/ds_mark.prl?PidBox=DQ6960,DQ6960,03621,42.6123861111,-86.2114750000,MI,ALLEGAN,F = FLANGE-ENCASED ROD,60 = ALUMINUM ALLOY ROD IN SLEEVE (10 FT.+),20120611,MONUMENTED,MIDT,205.041
20260103,http://www.ngs.noaa.gov/cgi-bin/ds_mark.prl?PidBox=DQ6961,DQ6961,03622,42.6308972222,-86.2119472222,MI,ALLEGAN,F = FLANGE-ENCASED ROD,60 = ALUMINUM ALLOY ROD IN SLEEVE (10 FT.+),20120611,MONUMENTED,MIDT,196.426
20260103,http://www.ngs.noaa.gov/cgi-bin/ds_mark.prl?PidBox=DQ6962,DQ6962,03623,42.6456222222,-86.2042500000,MI,ALLEGAN,F = FLANGE-ENCASED ROD,60 = ALUMINUM ALLOY ROD IN SLEEVE (10 FT.+),20120611,MONUMENTED,MIDT,185.526
20260103,http://www.ngs.noaa.gov/cgi-bin/ds_mark.prl?PidBox=DQ6963,DQ6963,03624,42.6601361111,-86.1906916667,MI,ALLEGAN,F = FLANGE-ENCASED ROD,60 = ALUMINUM ALLOY ROD IN SLEEVE (10 FT.+),20120612,MONUMENTED,MIDT,187.776
20260103,http://www.ngs.noaa.gov/cgi-bin/ds_mark.prl?PidBox=DQ6964,DQ6964,03625,42.6765083333,-86.1832111111,MI,ALLEGAN,F = FLANGE-ENCASED ROD,60 = ALUMINUM ALLOY ROD IN SLEEVE (10 FT.+),20190701,GOOD,INDIV,189.800
20260103,http://www.ngs.noaa.gov/cgi-bin/ds_mark.prl?PidBox=DQ6965,DQ6965,03626,42.6818333333,-86.1643833333,MI,ALLEGAN,F = FLANGE-ENCASED ROD,60 = ALUMINUM ALLOY ROD IN SLEEVE (10 FT.+),20190701,GOOD,INDIV,209.329
20260103,http://www.ngs.noaa.gov/cgi-bin/ds_mark.prl?PidBox=DQ6966,DQ6966,03627,42.6814833333,-86.1353472222,MI,ALLEGAN,F = FLANGE-ENCASED ROD,60 = ALUMINUM ALLOY ROD IN SLEEVE (10 FT.+),20120613,MONUMENTED,MIDT,222.533
20260103,http://www.ngs.noaa.gov/cgi-bin/ds_mark.prl?PidBox=DQ6967,DQ6967,03628,42.6665166667,-86.1343361111,MI,ALLEGAN,F = FLANGE-ENCASED ROD,60 = ALUMINUM ALLOY ROD IN SLEEVE (10 FT.+),20120613,MONUMENTED,MIDT,216.718
20260103,http://www.ngs.noaa.gov/cgi-bin/ds_mark.prl?PidBox=AA5427,AA5427,04012,42.8788565417,-83.2310799083,MI,OAKLAND,DD = SURVEY DISK,7 = SET IN TOP OF CONCRETE MONUMENT,20200722,GOOD,MIDT,352.799
20260103,http://www.ngs.noaa.gov/cgi-bin/ds_mark.prl?PidBox=DN5763,DN5763,04109000 RM 6,42.2835666667,-84.4088805556,MI,JACKSON,Q = CHISELED SQUARE,65 = SET IN UNSPECIFIED ROCK OR BOULDER,20111207,MONUMENTED,SURVSL,279.160
20260103,http://www.ngs.noaa.gov/cgi-bin/ds_mark.prl?PidBox=DN5762,DN5762,04175600 RM 4,42.1680472222,-84.0765583333,MI,WASHTENAW,Q = CHISELED SQUARE,4 = OBJECT SURROUNDED BY MASS OF CONCRETE,20111207,MONUMENTED,SURVSL,275.343
20260103,http://www.ngs.noaa.gov/cgi-bin/ds_mark.prl?PidBox=AA2768,AA2768,04200,44.9902206361,-83.4580855778,MI,ALPENA,DH = HORIZONTAL CONTROL DISK,7 = SET IN TOP OF CONCRETE MONUMENT,20050829,MARK NOT FOUND,USPSQD,178.3
20260103,http://www.ngs.noaa.gov/cgi-bin/ds_mark.prl?PidBox=AA2769,AA2769,04201,45.0065004500,-83.4643061833,MI,ALPENA,DH = HORIZONTAL CONTROL DISK,7 = SET IN TOP OF CONCRETE MONUMENT,20250102,GOOD,INDIV,177.9
20260103,http://www.ngs.noaa.gov/cgi-bin/ds_mark.prl?PidBox=AA2770,AA2770,04203,45.0597351000,-83.7513365528,MI,ALPENA,DH = HORIZONTAL CONTROL DISK,7 = SET IN TOP OF CONCRETE MONUMENT,20030906,GOOD,WOOLPT,242.8
20260103,http://www.ngs.noaa.gov/cgi-bin/ds_mark.prl?PidBox=AA5416,AA5416,04313,42.7951909944,-83.3328904222,MI,OAKLAND,DD = SURVEY DISK,7 = SET IN TOP OF CONCRETE MONUMENT,20060126,MARK NOT FOUND,INDIV,315.3
20260103,http://www.ngs.noaa.gov/cgi-bin/ds_mark.prl?PidBox=AA5428,AA5428,05012,42.8807812083,-83.1124921444,MI,OAKLAND,DD = SURVEY DISK,7 = SET IN TOP OF CONCRETE MONUMENT,20060103,GOOD,INDIV,298.4
20260103,http://www.ngs.noaa.gov/cgi-bin/ds_mark.prl?PidBox=QK0899,QK0899,05200,45.0661558306,-84.8651145583,MI,ANTRIM,DH = HORIZONTAL CONTROL DISK,7 = SET IN TOP OF CONCRETE MONUMENT,20230705,GOOD,MIDT,378.9
20260103,http://www.ngs.noaa.gov/cgi-bin/ds_mark.prl?PidBox=QK0900,QK0900,05201,45.0666180083,-84.8865628583,MI,ANTRIM,A = ALUMINUM MARKER,7 = SET IN TOP OF CONCRETE MONUMENT,1991,MONUMENTED,MIDT,383.3
20260103,http://www.ngs.noaa.gov/cgi-bin/ds_mark.prl?PidBox=PL0591,PL0591,05202,44.9652759194,-84.9844210000,MI,ANTRIM,A = ALUMINUM MARKER,7 = SET IN TOP OF CONCRETE MONUMENT,20230712,GOOD,WILWRK,357.9
20260103,http://www.ngs.noaa.gov/cgi-bin/ds_mark.prl?PidBox=PL0592,PL0592,05203,44.9541273861,-85.0008695806,MI,ANTRIM,A = ALUMINUM MARKER,7 = SET IN TOP OF CONCRETE MONUMENT,20190723,GOOD,GOUFRA,355.4
20260103,http://www.ngs.noaa.gov/cgi-bin/ds_mark.prl?PidBox=AA5417,AA5417,05313,42.8003948528,-83.2172782861,MI,OAKLAND,DD = SURVEY DISK,7 = SET IN TOP OF CONCRETE MONUMENT,20060103,GOOD,INDIV,329.4
20260103,http://www.ngs.noaa.gov/cgi-bin/ds_mark.prl?PidBox=AB2299,AB2299,06003,43.9505720500,-83.9670287306,MI,ARENAC,DH = HORIZONTAL CONTROL DISK,7 = SET IN TOP OF CONCRETE MONUMENT,20051211,MARK NOT FOUND,USPSQD,193.9
20260103,http://www.ngs.noaa.gov/cgi-bin/ds_mark.prl?PidBox=AB2290,AB2290,06200,43.9493940778,-83.9877755806,MI,ARENAC,DH = HORIZONTAL CONTROL DISK,7 = SET IN TOP OF CONCRETE MONUMENT,20011011,MARK NOT FOUND,USPSQD,190.4
20260103,http://www.ngs.noaa.gov/cgi-bin/ds_mark.prl?PidBox=AB2289,AB2289,06201,43.9985497222,-83.9423608694,MI,ARENAC,DH = HORIZONTAL CONTROL DISK,7 = SET IN TOP OF CONCRETE MONUMENT,20040418,MARK NOT FOUND,JCLS,190.2
20260103,http://www.ngs.noaa.gov/cgi-bin/ds_mark.prl?PidBox=AB2276,AB2276,06202,44.0081092250,-83.9267484056,MI,ARENAC,DH = HORIZONTAL CONTROL DISK,7 = SET IN TOP OF CONCRETE MONUMENT,20011011,MARK NOT FOUND,USPSQD,189.5
20260103,http://www.ngs.noaa.gov/cgi-bin/ds_mark.prl?PidBox=AB2277,AB2277,06203,44.0778986528,-83.8750188444,MI,ARENAC,DH = HORIZONTAL CONTROL DISK,7 = SET IN TOP OF CONCRETE MONUMENT,20010811,GOOD,USPSQD,202.4
20260103,http://www.ngs.noaa.gov/cgi-bin/ds_mark.prl?PidBox=AB2287,AB2287,06204,44.0700503333,-83.8594850444,MI,ARENAC,DH = HORIZONTAL CONTROL DISK,7 = SET IN TOP OF CONCRETE MONUMENT,20010811,GOOD,USPSQD,198.7
20260103,http://www.ngs.noaa.gov/cgi-bin/ds_mark.prl?PidBox=AB2288,AB2288,06205,44.0811911611,-83.8067924194,MI,ARENAC,DH = HORIZONTAL CONTROL DISK,7 = SET IN TOP OF CONCRETE MONUMENT,20051211,GOOD,USPSQD,188.4
20260103,http://www.ngs.noaa.gov/cgi-bin/ds_mark.prl?PidBox=AB2278,AB2278,06206,44.1009027417,-83.8068358333,MI,ARENAC,DH = HORIZONTAL CONTROL DISK,7 = SET IN TOP OF CONCRETE MONUMENT,20051211,GOOD,USPSQD,193.9
20260103,http://www.ngs.noaa.gov/cgi-bin/ds_mark.prl?PidBox=AA5424,AA5424,06323,42.6947757722,-83.6652207722,MI,OAKLAND,DD = SURVEY DISK,7 = SET IN TOP OF CONCRETE MONUMENT,20060509,GOOD,MIDT,328.200
20260103,http://www.ngs.noaa.gov/cgi-bin/ds_mark.prl?PidBox=DL4992,DL4992,06600,43.9120027778,-84.0258166667,MI,ARENAC,DD = SURVEY DISK,7 = SET IN TOP OF CONCRETE MONUMENT,20080515,MONUMENTED,COLEM,192.072
20260103,http://www.ngs.noaa.gov/cgi-bin/ds_mark.prl?PidBox=DL4993,DL4993,06601,43.9253891500,-84.0102088111,MI,ARENAC,DD = SURVEY DISK,7 = SET IN TOP OF CONCRETE MONUMENT,20190801,GOOD,INDIV,191.341
20260103,http://www.ngs.noaa.gov/cgi-bin/ds_mark.prl?PidBox=DL4994,DL4994,06602,43.9240638889,-83.9762944444,MI,ARENAC,DD = SURVEY DISK,7 = SET IN TOP OF CONCRETE MONUMENT,20080515,MONUMENTED,COLEM,188.816
20260103,http://www.ngs.noaa.gov/cgi-bin/ds_mark.prl?PidBox=DL4995,DL4995,06603,43.9447361111,-83.9664666667,MI,ARENAC,DD = SURVEY DISK,38 = SET IN THE ABUTMENT OR PIER OF A LARGE BRIDGE,20190801,GOOD,INDIV,187.524
20260103,http://www.ngs.noaa.gov/cgi-bin/ds_mark.prl?PidBox=DL4996,DL4996,06604,43.9640361111,-83.9585666667,MI,ARENAC,DD = SURVEY DISK,7 = SET IN TOP OF CONCRETE MONUMENT,20210707,GOOD,MIDT,188.949
20260103,http://www.ngs.noaa.gov/cgi-bin/ds_mark.prl?PidBox=DL4997,DL4997,06605,43.9971138889,-83.9735777778,MI,ARENAC,DD = SURVEY DISK,7 = SET IN TOP OF CONCRETE MONUMENT,20080515,MONUMENTED,COLEM,195.355
20260103,http://www.ngs.noaa.gov/cgi-bin/ds_mark.prl?PidBox=DL4998,DL4998,06606,44.0299853667,-84.0193860111,MI,ARENAC,DD = SURVEY DISK,7 = SET IN TOP OF CONCRETE MONUMENT,20080515,MONUMENTED,COLEM,227.729
20260103,http://www.ngs.noaa.gov/cgi-bin/ds_mark.prl?PidBox=DL4999,DL4999,06607,44.0466750000,-84.0432805556,MI,ARENAC,DD = SURVEY DISK,7 = SET IN TOP OF CONCRETE MONUMENT,20080515,MONUMENTED,COLEM,239.473
20260103,http://www.ngs.noaa.gov/cgi-bin/ds_mark.prl?PidBox=DL5000,DL5000,06608,44.0561027778,-84.0621000000,MI,ARENAC,DD = SURVEY DISK,7 = SET IN TOP OF CONCRETE MONUMENT,20080515,MONUMENTED,COLEM,238.148
20260103,http://www.ngs.noaa.gov/cgi-bin/ds_mark.prl?PidBox=DL5001,DL5001,06609,44.0690650639,-84.0815264778,MI,ARENAC,DD = SURVEY DISK,7 = SET IN TOP OF CONCRETE MONUMENT,20250730,GOOD,MIDT,252.858
20260103,http://www.ngs.noaa.gov/cgi-bin/ds_mark.prl?PidBox=DL5002,DL5002,06610,44.1061708639,-84.1076886944,MI,ARENAC,DD = SURVEY DISK,7 = SET IN TOP OF CONCRETE MONUMENT,20200804,GOOD,MIDT,235.725
20260103,http://www.ngs.noaa.gov/cgi-bin/ds_mark.prl?PidBox=DL5003,DL5003,06611,44.1597111111,-84.1571777778,MI,ARENAC,DD = SURVEY DISK,7 = SET IN TOP OF CONCRETE MONUMENT,20080520,MONUMENTED,COLEM,251.143
20260103,http://www.ngs.noaa.gov/cgi-bin/ds_mark.prl?PidBox=NF1798,NF1798,08101,42.7272991000,-85.0933310028,MI,BARRY,DH = HORIZONTAL CONTROL DISK,7 = SET IN TOP OF CONCRETE MONUMENT,20200713,GOOD,MIDT,254.503
20260103,http://www.ngs.noaa.gov/cgi-bin/ds_mark.prl?PidBox=DM7335,DM7335,08102,42.5669444444,-85.0950000000,MI,BARRY,DD = SURVEY DISK,7 = SET IN TOP OF CONCRETE MONUMENT,20050701,GOOD,NGS,253.351
20260103,http://www.ngs.noaa.gov/cgi-bin/ds_mark.prl?PidBox=DM7337,DM7337,08103,42.6108055556,-85.2704722222,MI,BARRY,DD = SURVEY DISK,7 = SET IN TOP OF CONCRETE MONUMENT,20160525,GOOD,MIDT,278.344
20260103,http://www.ngs.noaa.gov/cgi-bin/ds_mark.prl?PidBox=AA8071,AA8071,08104,42.4722374472,-85.1318791028,MI,BARRY,DD = SURVEY DISK,7 = SET IN TOP OF CONCRETE MONUMENT,20200715,GOOD,MIDT,275.104
20260103,http://www.ngs.noaa.gov/cgi-bin/ds_mark.prl?PidBox=NF1799,NF1799,08200,42.6688112694,-85.0954476417,MI,BARRY,DH = HORIZONTAL CONTROL DISK,7 = SET IN TOP OF CONCRETE MONUMENT,20200710,GOOD,MIDT,276.010
20260103,http://www.ngs.noaa.gov/cgi-bin/ds_mark.prl?PidBox=NF1800,NF1800,08201,42.6836938611,-85.0951539639,MI,BARRY,DH = HORIZONTAL CONTROL DISK,7 = SET IN TOP OF CONCRETE MONUMENT,20050517,GOOD,MIDT,253.849
20260103,http://www.ngs.noaa.gov/cgi-bin/ds_mark.prl?PidBox=NF1801,NF1801,08202,42.7561951472,-85.1141366111,MI,BARRY,DH = HORIZONTAL CONTROL DISK,7 = SET IN TOP OF CONCRETE MONUMENT,20050701,GOOD,NGS,267.552
20260103,http://www.ngs.noaa.gov/cgi-bin/ds_mark.prl?PidBox=NF1802,NF1802,08203,42.7683428306,-85.1138351667,MI,BARRY,DH = HORIZONTAL CONTROL DISK,7 = SET IN TOP OF CONCRETE MONUMENT,20050701,MARK NOT FOUND,NGS,264.4
20260103,http://www.ngs.noaa.gov/cgi-bin/ds_mark.prl?PidBox=AA9523,AA9523,08301,42.6032663833,-85.1158043083,MI,BARRY,DD = SURVEY DISK,7 = SET IN TOP OF CONCRETE MONUMENT,20190815,GOOD,INDIV,251.387
20260103,http://www.ngs.noaa.gov/cgi-bin/ds_mark.prl?PidBox=AA9524,AA9524,08302,42.6035155361,-85.1351185472,MI,BARRY,DD = SURVEY DISK,7 = SET IN TOP OF CONCRETE MONUMENT,20050517,GOOD,MIDT,291.184
20260103,http://www.ngs.noaa.gov/cgi-bin/ds_mark.prl?PidBox=AA9525,AA9525,08303,42.5669683250,-85.0960883500,MI,BARRY,DD = SURVEY DISK,7 = SET IN TOP OF CONCRETE MONUMENT,20050517,GOOD,MIDT,252.275
20260103,http://www.ngs.noaa.gov/cgi-bin/ds_mark.prl?PidBox=AA9526,AA9526,08304,42.5674820083,-85.0749449528,MI,BARRY,DD = SURVEY DISK,7 = SET IN TOP OF CONCRETE MONUMENT,20240819,GOOD,MIDT,282.589
20260103,http://www.ngs.noaa.gov/cgi-bin/ds_mark.prl?PidBox=AA9527,AA9527,08305,42.7266972611,-85.2716797861,MI,BARRY,DD = SURVEY DISK,7 = SET IN TOP OF CONCRETE MONUMENT,20060517,GOOD,MIDT,262.235
20260103,http://www.ngs.noaa.gov/cgi-bin/ds_mark.prl?PidBox=AA9528,AA9528,08306,42.4605639861,-85.1316700306,MI,BARRY,DD = SURVEY DISK,7 = SET IN TOP OF CONCRETE MONUMENT,20250714,GOOD,MIDT,276.458
20260103,http://www.ngs.noaa.gov/cgi-bin/ds_mark.prl?PidBox=AA9529,AA9529,08307,42.4267276861,-85.4294461083,MI,BARRY,DD = SURVEY DISK,7 = SET IN TOP OF CONCRETE MONUMENT,20230124,GOOD,MIDT,269.8
20260103,http://www.ngs.noaa.gov/cgi-bin/ds_mark.prl?PidBox=AA9530,AA9530,08308,42.6105533028,-85.2355699167,MI,BARRY,DD = SURVEY DISK,7 = SET IN TOP OF CONCRETE MONUMENT,20160524,GOOD,MIDT,247.290
20260103,http://www.ngs.noaa.gov/cgi-bin/ds_mark.prl?PidBox=AA9531,AA9531,08309,42.4929538083,-85.2587492722,MI,BARRY,DD = SURVEY DISK,7 = SET IN TOP OF CONCRETE MONUMENT,20200714,GOOD,MIDT,306.045
20260103,http://www.ngs.noaa.gov/cgi-bin/ds_mark.prl?PidBox=AA9532,AA9532,08310,42.6101405278,-85.2535362194,MI,BARRY,DD = SURVEY DISK,7 = SET IN TOP OF CONCRETE MONUMENT,20160524,GOOD,MIDT,272.043
20260103,http://www.ngs.noaa.gov/cgi-bin/ds_mark.prl?PidBox=AA9533,AA9533,08311,42.5068057083,-85.2591812361,MI,BARRY,DD = SURVEY DISK,7 = SET IN TOP OF CONCRETE MONUMENT,20200714,GOOD,MIDT,301.003
20260103,http://www.ngs.noaa.gov/cgi-bin/ds_mark.prl?PidBox=AA9534,AA9534,08312,42.6704452556,-85.2906651583,MI,BARRY,DD = SURVEY DISK,7 = SET IN TOP OF CONCRETE MONUMENT,20250520,GOOD,ROWEIN,260.721
20260103,http://www.ngs.noaa.gov/cgi-bin/ds_mark.prl?PidBox=AA9535,AA9535,08313,42.7263813611,-85.2460368778,MI,BARRY,DD = SURVEY DISK,7 = SET IN TOP OF CONCRETE MONUMENT,20050701,GOOD,NGS,254.453
20260103,http://www.ngs.noaa.gov/cgi-bin/ds_mark.prl?PidBox=AA9536,AA9536,08314,42.6894601389,-85.2909356056,MI,BARRY,DD = SURVEY DISK,7 = SET IN TOP OF CONCRETE MONUMENT,20200709,GOOD,MIDT,257.249
20260103,http://www.ngs.noaa.gov/cgi-bin/ds_mark.prl?PidBox=AA9537,AA9537,08315,42.7258578139,-85.4767506778,MI,BARRY,DD = SURVEY DISK,7 = SET IN TOP OF CONCRETE MONUMENT,20230906,MARK NOT FOUND,WILWRK,228.6
20260103,http://www.ngs.noaa.gov/cgi-bin/ds_mark.prl?PidBox=AA9538,AA9538,08316,42.6748940972,-85.4075527250,MI,BARRY,DD = SURVEY DISK,7 = SET IN TOP OF CONCRETE MONUMENT,20041030,MARK NOT FOUND,USPSQD,242.5
20260103,http://www.ngs.noaa.gov/cgi-bin/ds_mark.prl?PidBox=AA9539,AA9539,08317,42.6748750250,-85.3921739167,MI,BARRY,DD = SURVEY DISK,7 = SET IN TOP OF CONCRETE MONUMENT,20041030,GOOD,USPSQD,242.0
20260103,http://www.ngs.noaa.gov/cgi-bin/ds_mark.prl?PidBox=AA9540,AA9540,08318,42.7400404972,-85.4869837111,MI,BARRY,DD = SURVEY DISK,7 = SET IN TOP OF CONCRETE MONUMENT,20040417,GOOD,USPSQD,234.3
20260103,http://www.ngs.noaa.gov/cgi-bin/ds_mark.prl?PidBox=AA9541,AA9541,08319,42.4888501722,-85.4119678139,MI,BARRY,DD = SURVEY DISK,7 = SET IN TOP OF CONCRETE MONUMENT,20250714,GOOD,MIDT,289.8
20260103,http://www.ngs.noaa.gov/cgi-bin/ds_mark.prl?PidBox=AA9542,AA9542,08320,42.4765517778,-85.4249388083,MI,BARRY,DD = SURVEY DISK,7 = SET IN TOP OF CONCRETE MONUMENT,20220713,GOOD,HEI,290.9
20260103,http://www.ngs.noaa.gov/cgi-bin/ds_mark.prl?PidBox=AA9543,AA9543,08321,42.5782193222,-85.3566323361,MI,BARRY,DD = SURVEY DISK,7 = SET IN TOP OF CONCRETE MONUMENT,20250714,GOOD,MIDT,284.422
20260103,http://www.ngs.noaa.gov/cgi-bin/ds_mark.prl?PidBox=AA9544,AA9544,08322,42.5869807639,-85.3628328500,MI,BARRY,DD = SURVEY DISK,7 = SET IN TOP OF CONCRETE MONUMENT,20050409,GOOD,NGS,287.217
20260103,http://www.ngs.noaa.gov/cgi-bin/ds_mark.prl?PidBox=AA5418,AA5418,08364,42.7095563806,-83.3292705167,MI,OAKLAND,DD = SURVEY DISK,7 = SET IN TOP OF CONCRETE MONUMENT,20060126,GOOD,INDIV,312.4
20260103,http://www.ngs.noaa.gov/cgi-bin/ds_mark.prl?PidBox=DF9355,DF9355,08401,42.5883333333,-85.4791666667,MI,BARRY,DV = VERTICAL CONTROL DISK,7 = SET IN TOP OF CONCRETE MONUMENT,2000,MONUMENTED,MI-015,258.936
20260103,http://www.ngs.noaa.gov/cgi-bin/ds_mark.prl?PidBox=DM7334,DM7334,08401,42.7263888889,-85.2269444444,MI,BARRY,DD = SURVEY DISK,7 = SET IN TOP OF CONCRETE MONUMENT,20050518,GOOD,MIDT,253.298
20260103,http://www.ngs.noaa.gov/cgi-bin/ds_mark.prl?PidBox=DF9356,DF9356,08402,42.5880555556,-85.4997222222,MI,BARRY,DV = VERTICAL CONTROL DISK,7 = SET IN TOP OF CONCRETE MONUMENT,2000,MONUMENTED,MI-015,254.115
20260103,http://www.ngs.noaa.gov/cgi-bin/ds_mark.prl?PidBox=DM7333,DM7333,08402,42.7263888889,-85.2172222222,MI,BARRY,DD = SURVEY DISK,7 = SET IN TOP OF CONCRETE MONUMENT,20050518,GOOD,MIDT,249.812
20260103,http://www.ngs.noaa.gov/cgi-bin/ds_mark.prl?PidBox=DM7332,DM7332,08403,42.7263888889,-85.1927777778,MI,BARRY,DD = SURVEY DISK,7 = SET IN TOP OF CONCRETE MONUMENT,20050518,GOOD,MIDT,252.538
20260103,http://www.ngs.noaa.gov/cgi-bin/ds_mark.prl?PidBox=DM7331,DM7331,08404,42.7266666667,-85.1733333333,MI,BARRY,DD = SURVEY DISK,7 = SET IN TOP OF CONCRETE MONUMENT,20050518,GOOD,MIDT,256.106
20260103,http://www.ngs.noaa.gov/cgi-bin/ds_mark.prl?PidBox=DM7330,DM7330,08405,42.7266666667,-85.1538888889,MI,BARRY,DD = SURVEY DISK,7 = SET IN TOP OF CONCRETE MONUMENT,20050517,GOOD,MIDT,270.017
20260103,http://www.ngs.noaa.gov/cgi-bin/ds_mark.prl?PidBox=DM7329,DM7329,08406,42.7266666667,-85.1344444444,MI,BARRY,DD = SURVEY DISK,7 = SET IN TOP OF CONCRETE MONUMENT,20050517,GOOD,MIDT,265.630
20260103,http://www.ngs.noaa.gov/cgi-bin/ds_mark.prl?PidBox=DM7328,DM7328,08407,42.7266666667,-85.1147222222,MI,BARRY,DD = SURVEY DISK,7 = SET IN TOP OF CONCRETE MONUMENT,20050517,GOOD,MIDT,267.128
20260103,http://www.ngs.noaa.gov/cgi-bin/ds_mark.prl?PidBox=DM7327,DM7327,08408,42.7411111111,-85.1144444444,MI,BARRY,DD = SURVEY DISK,7 = SET IN TOP OF CONCRETE MONUMENT,20050517,GOOD,MIDT,264.974
20260103,http://www.ngs.noaa.gov/cgi-bin/ds_mark.prl?PidBox=DM7326,DM7326,08409,42.7558333333,-85.0747222222,MI,BARRY,DD = SURVEY DISK,7 = SET IN TOP OF CONCRETE MONUMENT,20250714,GOOD,MIDT,267.285
20260103,http://www.ngs.noaa.gov/cgi-bin/ds_mark.prl?PidBox=DM7325,DM7325,08410,42.7411111111,-85.0750000000,MI,BARRY,DD = SURVEY DISK,7 = SET IN TOP OF CONCRETE MONUMENT,20050517,GOOD,MIDT,260.128
20260103,http://www.ngs.noaa.gov/cgi-bin/ds_mark.prl?PidBox=DM7358,DM7358,08411,42.7125000000,-85.0950000000,MI,BARRY,DD = SURVEY DISK,7 = SET IN TOP OF CONCRETE MONUMENT,20060518,GOOD,MIDT,260.701
20260103,http://www.ngs.noaa.gov/cgi-bin/ds_mark.prl?PidBox=DM7357,DM7357,08412,42.6977777778,-85.0950000000,MI,BARRY,DD = SURVEY DISK,7 = SET IN TOP OF CONCRETE MONUMENT,20060518,GOOD,MIDT,258.992
20260103,http://www.ngs.noaa.gov/cgi-bin/ds_mark.prl?PidBox=DM7356,DM7356,08413,42.6541666667,-85.0950000000,MI,BARRY,DD = SURVEY DISK,7 = SET IN TOP OF CONCRETE MONUMENT,20250714,GOOD,MIDT,276.236
20260103,http://www.ngs.noaa.gov/cgi-bin/ds_mark.prl?PidBox=DM7355,DM7355,08414,42.6394444444,-85.0952777778,MI,BARRY,DD = SURVEY DISK,7 = SET IN TOP OF CONCRETE MONUMENT,20060518,GOOD,MIDT,273.955
20260103,http://www.ngs.noaa.gov/cgi-bin/ds_mark.prl?PidBox=DM7354,DM7354,08415,42.6252777778,-85.0950000000,MI,BARRY,DD = SURVEY DISK,7 = SET IN TOP OF CONCRETE MONUMENT,20060518,GOOD,MIDT,285.171
20260103,http://www.ngs.noaa.gov/cgi-bin/ds_mark.prl?PidBox=DM7353,DM7353,08416,42.6111111111,-85.0933333333,MI,BARRY,DD = SURVEY DISK,7 = SET IN TOP OF CONCRETE MONUMENT,20060518,GOOD,MIDT,263.417
20260103,http://www.ngs.noaa.gov/cgi-bin/ds_mark.prl?PidBox=DM7350,DM7350,08418,42.5997222222,-85.0938888889,MI,BARRY,DD = SURVEY DISK,7 = SET IN TOP OF CONCRETE MONUMENT,20060515,GOOD,MIDT,250.877
20260103,http://www.ngs.noaa.gov/cgi-bin/ds_mark.prl?PidBox=DM7351,DM7351,08419,42.5947222222,-85.0777777778,MI,BARRY,DD = SURVEY DISK,7 = SET IN TOP OF CONCRETE MONUMENT,20060518,GOOD,MIDT,252.591
20260103,http://www.ngs.noaa.gov/cgi-bin/ds_mark.prl?PidBox=DM7352,DM7352,08420,42.5818750000,-85.0944500000,MI,BARRY,DD = SURVEY DISK,7 = SET IN TOP OF CONCRETE MONUMENT,20060518,GOOD,MIDT,252.120
20260103,http://www.ngs.noaa.gov/cgi-bin/ds_mark.prl?PidBox=DM7375,DM7375,08421,42.5600000000,-85.1136111111,MI,BARRY,DD = SURVEY DISK,7 = SET IN TOP OF CONCRETE MONUMENT,20060518,GOOD,MIDT,267.145
20260103,http://www.ngs.noaa.gov/cgi-bin/ds_mark.prl?PidBox=DM7374,DM7374,08422,42.5483333333,-85.1327777778,MI,BARRY,DD = SURVEY DISK,7 = SET IN TOP OF CONCRETE MONUMENT,20250714,GOOD,MIDT,295.739
20260103,http://www.ngs.noaa.gov/cgi-bin/ds_mark.prl?PidBox=DM7373,DM7373,08423,42.5377777778,-85.1330555556,MI,BARRY,DD = SURVEY DISK,7 = SET IN TOP OF CONCRETE MONUMENT,20060518,GOOD,MIDT,294.970
20260103,http://www.ngs.noaa.gov/cgi-bin/ds_mark.prl?PidBox=DM7372,DM7372,08424,42.5236111111,-85.1330555556,MI,BARRY,DD = SURVEY DISK,7 = SET IN TOP OF CONCRETE MONUMENT,20060518,GOOD,MIDT,280.491
20260103,http://www.ngs.noaa.gov/cgi-bin/ds_mark.prl?PidBox=DM7371,DM7371,08425,42.5083333333,-85.1325000000,MI,BARRY,DD = SURVEY DISK,7 = SET IN TOP OF CONCRETE MONUMENT,20060518,GOOD,MIDT,286.449
20260103,http://www.ngs.noaa.gov/cgi-bin/ds_mark.prl?PidBox=DM7370,DM7370,08426,42.4936111111,-85.1316666667,MI,BARRY,DD = SURVEY DISK,7 = SET IN TOP OF CONCRETE MONUMENT,20060518,GOOD,MIDT,284.002
20260103,http://www.ngs.noaa.gov/cgi-bin/ds_mark.prl?PidBox=DM7369,DM7369,08427,42.4608333333,-85.1561111111,MI,BARRY,DD = SURVEY DISK,7 = SET IN TOP OF CONCRETE MONUMENT,20230330,GOOD,MIDT,268.453
20260103,http://www.ngs.noaa.gov/cgi-bin/ds_mark.prl?PidBox=DM7368,DM7368,08428,42.4497888889,-85.1852777778,MI,BARRY,DD = SURVEY DISK,7 = SET IN TOP OF CONCRETE MONUMENT,20200715,POOR,MIDT,270.069
20260103,http://www.ngs.noaa.gov/cgi-bin/ds_mark.prl?PidBox=DM7367,DM7367,08429,42.4494444444,-85.2213888889,MI,BARRY,DD = SURVEY DISK,7 = SET IN TOP OF CONCRETE MONUMENT,20060518,GOOD,MIDT,283.782
20260103,http://www.ngs.noaa.gov/cgi-bin/ds_mark.prl?PidBox=DM7366,DM7366,08430,42.4461111111,-85.2416666667,MI,BARRY,DD = SURVEY DISK,7 = SET IN TOP OF CONCRETE MONUMENT,20250714,GOOD,MIDT,290.276
20260103,http://www.ngs.noaa.gov/cgi-bin/ds_mark.prl?PidBox=DM7365,DM7365,08431,42.4563888889,-85.2500000000,MI,BARRY,DD = SURVEY DISK,7 = SET IN TOP OF CONCRETE MONUMENT,20060518,GOOD,MIDT,289.569
20260103,http://www.ngs.noaa.gov/cgi-bin/ds_mark.prl?PidBox=DM7364,DM7364,08433,42.4772222222,-85.2608333333,MI,BARRY,DD = SURVEY DISK,7 = SET IN TOP OF CONCRETE MONUMENT,20060518,GOOD,MIDT,302.267
20260103,http://www.ngs.noaa.gov/cgi-bin/ds_mark.prl?PidBox=DM7363,DM7363,08434,42.5225000000,-85.2527777778,MI,BARRY,DD = SURVEY DISK,7 = SET IN TOP OF CONCRETE MONUMENT,20250714,GOOD,MIDT,290.567
20260103,http://www.ngs.noaa.gov/cgi-bin/ds_mark.prl?PidBox=DM7362,DM7362,08435,42.5375000000,-85.2536111111,MI,BARRY,DD = SURVEY DISK,7 = SET IN TOP OF CONCRETE MONUMENT,20060518,GOOD,MIDT,283.636
20260103,http://www.ngs.noaa.gov/cgi-bin/ds_mark.prl?PidBox=DM7361,DM7361,08436,42.5516666667,-85.2552777778,MI,BARRY,DD = SURVEY DISK,7 = SET IN TOP OF CONCRETE MONUMENT,20060518,GOOD,MIDT,291.926
20260103,http://www.ngs.noaa.gov/cgi-bin/ds_mark.prl?PidBox=DM7360,DM7360,08437,42.5658333333,-85.2586111111,MI,BARRY,DD = SURVEY DISK,7 = SET IN TOP OF CONCRETE MONUMENT,20060518,GOOD,MIDT,275.843
20260103,http://www.ngs.noaa.gov/cgi-bin/ds_mark.prl?PidBox=DM7359,DM7359,08438,42.5763888889,-85.2652777778,MI,BARRY,DD = SURVEY DISK,7 = SET IN TOP OF CONCRETE MONUMENT,20060518,GOOD,MIDT,288.126
20260103,http://www.ngs.noaa.gov/cgi-bin/ds_mark.prl?PidBox=DM7322,DM7322,08439,42.5919444444,-85.2675000000,MI,BARRY,DD = SURVEY DISK,7 = SET IN TOP OF CONCRETE MONUMENT,20160524,GOOD,MIDT,253.249
20260103,http://www.ngs.noaa.gov/cgi-bin/ds_mark.prl?PidBox=DM7323,DM7323,08440,42.5999166667,-85.2704444444,MI,BARRY,DD = SURVEY DISK,7 = SET IN TOP OF CONCRETE MONUMENT,20160525,GOOD,MIDT,282.520
20260103,http://www.ngs.noaa.gov/cgi-bin/ds_mark.prl?PidBox=DM7324,DM7324,08441,42.6255555556,-85.2719444444,MI,BARRY,DD = SURVEY DISK,7 = SET IN TOP OF CONCRETE MONUMENT,20160524,GOOD,MIDT,256.721
20260103,http://www.ngs.noaa.gov/cgi-bin/ds_mark.prl?PidBox=DM7346,DM7346,08442,42.6108333333,-85.2113888889,MI,BARRY,DD = SURVEY DISK,7 = SET IN TOP OF CONCRETE MONUMENT,20050518,GOOD,MIDT,247.226
20260103,http://www.ngs.noaa.gov/cgi-bin/ds_mark.prl?PidBox=DM7347,DM7347,08443,42.6105555556,-85.1905555556,MI,BARRY,DD = SURVEY DISK,7 = SET IN TOP OF CONCRETE MONUMENT,20050518,GOOD,MIDT,254.051
20260103,http://www.ngs.noaa.gov/cgi-bin/ds_mark.prl?PidBox=DM7348,DM7348,08444,42.6033333333,-85.1736111111,MI,BARRY,DD = SURVEY DISK,7 = SET IN TOP OF CONCRETE MONUMENT,20050518,GOOD,MIDT,283.714
20260103,http://www.ngs.noaa.gov/cgi-bin/ds_mark.prl?PidBox=DM7349,DM7349,08445,42.6036111111,-85.1536111111,MI,BARRY,DD = SURVEY DISK,7 = SET IN TOP OF CONCRETE MONUMENT,20050518,GOOD,MIDT,285.084
20260103,http://www.ngs.noaa.gov/cgi-bin/ds_mark.prl?PidBox=DM7317,DM7317,08446,42.6372222222,-85.3447222222,MI,BARRY,DD = SURVEY DISK,7 = SET IN TOP OF CONCRETE MONUMENT,20030515,GOOD,MIDT,273.514
20260103,http://www.ngs.noaa.gov/cgi-bin/ds_mark.prl?PidBox=DM7318,DM7318,08447,42.6305555556,-85.3525000000,MI,BARRY,DD = SURVEY DISK,7 = SET IN TOP OF CONCRETE MONUMENT,20050517,GOOD,MIDT,270.826
20260103,http://www.ngs.noaa.gov/cgi-bin/ds_mark.prl?PidBox=DM7342,DM7342,08448,42.6138888889,-85.3569444444,MI,BARRY,DD = SURVEY DISK,32 = SET IN A RETAINING WALL OR CONCRETE LEDGE,20050518,GOOD,MIDT,268.752
20260103,http://www.ngs.noaa.gov/cgi-bin/ds_mark.prl?PidBox=DM7319,DM7319,08449,42.5955555556,-85.3538888889,MI,BARRY,DD = SURVEY DISK,7 = SET IN TOP OF CONCRETE MONUMENT,20050517,GOOD,MIDT,278.230
20260103,http://www.ngs.noaa.gov/cgi-bin/ds_mark.prl?PidBox=DM7320,DM7320,08450,42.5805555556,-85.3294444444,MI,BARRY,DD = SURVEY DISK,7 = SET IN TOP OF CONCRETE MONUMENT,20050517,GOOD,MIDT,277.648
20260103,http://www.ngs.noaa.gov/cgi-bin/ds_mark.prl?PidBox=DM7321,DM7321,08451,42.5858333333,-85.3197222222,MI,BARRY,DD = SURVEY DISK,7 = SET IN TOP OF CONCRETE MONUMENT,20050517,GOOD,MIDT,277.839
20260103,http://www.ngs.noaa.gov/cgi-bin/ds_mark.prl?PidBox=DM7316,DM7316,08454,42.6458333333,-85.3355555556,MI,BARRY,DD = SURVEY DISK,7 = SET IN TOP OF CONCRETE MONUMENT,20250520,GOOD,ROWEIN,258.649
20260103,http://www.ngs.noaa.gov/cgi-bin/ds_mark.prl?PidBox=DM7315,DM7315,08456,42.6455555556,-85.3658333333,MI,BARRY,DD = SURVEY DISK,7 = SET IN TOP OF CONCRETE MONUMENT,2001,MONUMENTED,MI-015,268.137
20260103,http://www.ngs.noaa.gov/cgi-bin/ds_mark.prl?PidBox=DM7314,DM7314,08457,42.6455555556,-85.3822222222,MI,BARRY,DD = SURVEY DISK,7 = SET IN TOP OF CONCRETE MONUMENT,20030515,GOOD,MI-015,259.391
20260103,http://www.ngs.noaa.gov/cgi-bin/ds_mark.prl?PidBox=DM7313,DM7313,08458,42.6458333333,-85.4069444444,MI,BARRY,DD = SURVEY DISK,7 = SET IN TOP OF CONCRETE MONUMENT,20030515,GOOD,MI-015,247.402
20260103,http://www.ngs.noaa.gov/cgi-bin/ds_mark.prl?PidBox=DM7312,DM7312,08459,42.6458333333,-85.4261111111,MI,BARRY,DD = SURVEY DISK,7 = SET IN TOP OF CONCRETE MONUMENT,20030515,GOOD,MI-015,243.518
20260103,http://www.ngs.noaa.gov/cgi-bin/ds_mark.prl?PidBox=DM7311,DM7311,08460,42.6386111111,-85.4416666667,MI,BARRY,DD = SURVEY DISK,7 = SET IN TOP OF CONCRETE MONUMENT,20050530,GOOD,MIDT,253.350
20260103,http://www.ngs.noaa.gov/cgi-bin/ds_mark.prl?PidBox=DM7310,DM7310,08461,42.6386111111,-85.4813888889,MI,BARRY,DD = SURVEY DISK,7 = SET IN TOP OF CONCRETE MONUMENT,20030515,GOOD,MI-015,238.819
20260103,http://www.ngs.noaa.gov/cgi-bin/ds_mark.prl?PidBox=DM7309,DM7309,08462,42.6350000000,-85.4994444444,MI,BARRY,DD = SURVEY DISK,7 = SET IN TOP OF CONCRETE MONUMENT,20030515,GOOD,MI-015,231.177
20260103,http://www.ngs.noaa.gov/cgi-bin/ds_mark.prl?PidBox=DM7308,DM7308,08463,42.6311111111,-85.5108333333,MI,BARRY,DD = SURVEY DISK,7 = SET IN TOP OF CONCRETE MONUMENT,20030515,GOOD,MI-015,229.587
20260103,http://www.ngs.noaa.gov/cgi-bin/ds_mark.prl?PidBox=DM7307,DM7307,08464,42.6308333333,-85.5288888889,MI,BARRY,DD = SURVEY DISK,7 = SET IN TOP OF CONCRETE MONUMENT,20030515,GOOD,MI-015,230.083
20260103,http://www.ngs.noaa.gov/cgi-bin/ds_mark.prl?PidBox=DM7306,DM7306,08465,42.6308333333,-85.5436111111,MI,BARRY,DD = SURVEY DISK,7 = SET IN TOP OF CONCRETE MONUMENT,20030515,GOOD,MI-015,237.001
20260103,http://www.ngs.noaa.gov/cgi-bin/ds_mark.prl?PidBox=DM7345,DM7345,08466,42.6475000000,-85.3152777778,MI,BARRY,DD = SURVEY DISK,32 = SET IN A RETAINING WALL OR CONCRETE LEDGE,20250520,GOOD,ROWEIN,234.125
20260103,http://www.ngs.noaa.gov/cgi-bin/ds_mark.prl?PidBox=DM7341,DM7341,08467,42.6377777778,-85.2955555556,MI,BARRY,DD = SURVEY DISK,32 = SET IN A RETAINING WALL OR CONCRETE LEDGE,20050518,GOOD,MIDT,258.423
20260103,http://www.ngs.noaa.gov/cgi-bin/ds_mark.prl?PidBox=DM7339,DM7339,08468,42.6344444444,-85.2850000000,MI,BARRY,DD = SURVEY DISK,32 = SET IN A RETAINING WALL OR CONCRETE LEDGE,20050518,GOOD,MIDT,248.699
20260103,http://www.ngs.noaa.gov/cgi-bin/ds_mark.prl?PidBox=DM7340,DM7340,08469,42.6425000000,-85.2744444444,MI,BARRY,DD = SURVEY DISK,37 = SET IN A MASSIVE RETAINING WALL,20050518,GOOD,MIDT,244.798
20260103,http://www.ngs.noaa.gov/cgi-bin/ds_mark.prl?PidBox=DM7343,DM7343,08470,42.6505555556,-85.2861111111,MI,BARRY,DD = SURVEY DISK,38 = SET IN THE ABUTMENT OR PIER OF A LARGE BRIDGE,20050518,GOOD,MIDT,239.169
20260103,http://www.ngs.noaa.gov/cgi-bin/ds_mark.prl?PidBox=DM7344,DM7344,08471,42.6566666667,-85.2819444444,MI,BARRY,DD = SURVEY DISK,32 = SET IN A RETAINING WALL OR CONCRETE LEDGE,20050518,GOOD,MIDT,250.765
20260103,http://www.ngs.noaa.gov/cgi-bin/ds_mark.prl?PidBox=DM7378,DM7378,08473,42.7127777778,-85.2938888889,MI,BARRY,DD = SURVEY DISK,7 = SET IN TOP OF CONCRETE MONUMENT,20060518,GOOD,MIDT,255.213
20260103,http://www.ngs.noaa.gov/cgi-bin/ds_mark.prl?PidBox=DM7377,DM7377,08474,42.7266666667,-85.2850000000,MI,BARRY,DD = SURVEY DISK,7 = SET IN TOP OF CONCRETE MONUMENT,20060518,GOOD,MIDT,260.596
20260103,http://www.ngs.noaa.gov/cgi-bin/ds_mark.prl?PidBox=DM7376,DM7376,08475,42.7263888889,-85.2561111111,MI,BARRY,DD = SURVEY DISK,7 = SET IN TOP OF CONCRETE MONUMENT,20060518,GOOD,MIDT,247.432
20260103,http://www.ngs.noaa.gov/cgi-bin/ds_mark.prl?PidBox=DL5124,DL5124,09600,43.6220555556,-83.9467222222,MI,BAY,DD = SURVEY DISK,7 = SET IN TOP OF CONCRETE MONUMENT,20141205,GOOD,INDIV,181.387
20260103,http://www.ngs.noaa.gov/cgi-bin/ds_mark.prl?PidBox=DL5125,DL5125,09601,43.6253055556,-83.9467500000,MI,BAY,DD = SURVEY DISK,7 = SET IN TOP OF CONCRETE MONUMENT,20141205,GOOD,INDIV,181.436
20260103,http://www.ngs.noaa.gov/cgi-bin/ds_mark.prl?PidBox=DL5126,DL5126,09602,43.6306388889,-83.9421666667,MI,BAY,DD = SURVEY DISK,7 = SET IN TOP OF CONCRETE MONUMENT,20071119,MONUMENTED,MIDT,179.743
20260103,http://www.ngs.noaa.gov/cgi-bin/ds_mark.prl?PidBox=DL5127,DL5127,09603,43.6403111111,-83.9418055556,MI,BAY,DD = SURVEY DISK,7 = SET IN TOP OF CONCRETE MONUMENT,20250208,GOOD,ADVGEO,180.063
20260103,http://www.ngs.noaa.gov/cgi-bin/ds_mark.prl?PidBox=DL4940,DL4940,09604,43.6093333333,-83.9473361111,MI,BAY,DD = SURVEY DISK,38 = SET IN THE ABUTMENT OR PIER OF A LARGE BRIDGE,20191215,GOOD,SPICE,189.469
20260103,http://www.ngs.noaa.gov/cgi-bin/ds_mark.prl?PidBox=DL4939,DL4939,09605,43.6100972222,-83.9845083333,MI,BAY,DD = SURVEY DISK,7 = SET IN TOP OF CONCRETE MONUMENT,20191215,GOOD,SPICE,181.753
20260103,http://www.ngs.noaa.gov/cgi-bin/ds_mark.prl?PidBox=DL4938,DL4938,09606,43.6106055556,-84.0212500000,MI,BAY,,,20191215,MARK NOT FOUND,SPICE,183.708
20260103,http://www.ngs.noaa.gov/cgi-bin/ds_mark.prl?PidBox=DL4936,DL4936,09608,43.6031944444,-84.0566583333,MI,BAY,DD = SURVEY DISK,7 = SET IN TOP OF CONCRETE MONUMENT,20130613,GOOD,WADTRI,186.082
20260103,http://www.ngs.noaa.gov/cgi-bin/ds_mark.prl?PidBox=DL4935,DL4935,09609,43.6106972222,-84.0831472222,MI,BAY,DD = SURVEY DISK,7 = SET IN TOP OF CONCRETE MONUMENT,20250421,GOOD,RSNBRK,189.832
20260103,http://www.ngs.noaa.gov/cgi-bin/ds_mark.prl?PidBox=DL4934,DL4934,09610,43.6111722222,-84.1007805556,MI,BAY,DD = SURVEY DISK,7 = SET IN TOP OF CONCRETE MONUMENT,20250421,GOOD,RSNBRK,191.745
20260103,http://www.ngs.noaa.gov/cgi-bin/ds_mark.prl?PidBox=DL4933,DL4933,09611,43.6117130444,-84.1319843806,MI,BAY,DD = SURVEY DISK,7 = SET IN TOP OF CONCRETE MONUMENT,20250421,GOOD,RSNBRK,193.656
20260103,http://www.ngs.noaa.gov/cgi-bin/ds_mark.prl?PidBox=DL4932,DL4932,09612,43.6123861111,-84.1655916667,MI,BAY,DD = SURVEY DISK,7 = SET IN TOP OF CONCRETE MONUMENT,20250418,GOOD,RSNBRK,199.034
20260103,http://www.ngs.noaa.gov/cgi-bin/ds_mark.prl?PidBox=DL4975,DL4975,09613,43.5338694444,-83.8366277778,MI,BAY,DD = SURVEY DISK,7 = SET IN TOP OF CONCRETE MONUMENT,20080514,MONUMENTED,COLEM,181.398
20260103,http://www.ngs.noaa.gov/cgi-bin/ds_mark.prl?PidBox=DL4976,DL4976,09614,43.5513555556,-83.8323916667,MI,BAY,DD = SURVEY DISK,7 = SET IN TOP OF CONCRETE MONUMENT,20080620,MONUMENTED,COLEM,182.156
20260103,http://www.ngs.noaa.gov/cgi-bin/ds_mark.prl?PidBox=DL4977,DL4977,09615,43.5656916667,-83.8554666667,MI,BAY,DD = SURVEY DISK,7 = SET IN TOP OF CONCRETE MONUMENT,20080514,MONUMENTED,COLEM,183.749
20260103,http://www.ngs.noaa.gov/cgi-bin/ds_mark.prl?PidBox=DL4978,DL4978,09616,43.5678163333,-83.8914020861,MI,BAY,DD = SURVEY DISK,7 = SET IN TOP OF CONCRETE MONUMENT,20080514,MONUMENTED,COLEM,180.773
20260103,http://www.ngs.noaa.gov/cgi-bin/ds_mark.prl?PidBox=DL4979,DL4979,09617,43.5815672556,-83.8167806167,MI,BAY,DD = SURVEY DISK,7 = SET IN TOP OF CONCRETE MONUMENT,20200617,GOOD,MIDT,180.823
20260103,http://www.ngs.noaa.gov/cgi-bin/ds_mark.prl?PidBox=DL4983,DL4983,09618,43.6682015028,-83.9694996694,MI,BAY,DD = SURVEY DISK,7 = SET IN TOP OF CONCRETE MONUMENT,20250208,GOOD,ADVGEO,180.576
20260103,http://www.ngs.noaa.gov/cgi-bin/ds_mark.prl?PidBox=DL4984,DL4984,09619,43.6685388889,-83.9891416667,MI,BAY,DD = SURVEY DISK,34 = SET IN THE FOOTINGS OF SMALL/MEDIUM STRUCTURES,20080603,MONUMENTED,COLEM,181.608
20260103,http://www.ngs.noaa.gov/cgi-bin/ds_mark.prl?PidBox=DL4985,DL4985,09620,43.6844730333,-84.0085843222,MI,BAY,DD = SURVEY DISK,7 = SET IN TOP OF CONCRETE MONUMENT,20200818,GOOD,MIDT,185.024
20260103,http://www.ngs.noaa.gov/cgi-bin/ds_mark.prl?PidBox=DL4986,DL4986,09621,43.7676166667,-83.9892972222,MI,BAY,DD = SURVEY DISK,7 = SET IN TOP OF CONCRETE MONUMENT,20080515,MONUMENTED,COLEM,181.383
20260103,http://www.ngs.noaa.gov/cgi-bin/ds_mark.prl?PidBox=DL4987,DL4987,09622,43.7821361111,-84.0286388889,MI,BAY,DD = SURVEY DISK,7 = SET IN TOP OF CONCRETE MONUMENT,20080515,MONUMENTED,COLEM,188.481
20260103,http://www.ngs.noaa.gov/cgi-bin/ds_mark.prl?PidBox=DL4988,DL4988,09623,43.8058118861,-84.0262812778,MI,BAY,DD = SURVEY DISK,32 = SET IN A RETAINING WALL OR CONCRETE LEDGE,20080603,MONUMENTED,COLEM,187.161
20260103,http://www.ngs.noaa.gov/cgi-bin/ds_mark.prl?PidBox=DL4989,DL4989,09624,43.8313166667,-84.0260055556,MI,BAY,DD = SURVEY DISK,7 = SET IN TOP OF CONCRETE MONUMENT,20080515,MONUMENTED,COLEM,187.777
20260103,http://www.ngs.noaa.gov/cgi-bin/ds_mark.prl?PidBox=DL4990,DL4990,09625,43.8685391806,-84.0250583222,MI,BAY,DD = SURVEY DISK,7 = SET IN TOP OF CONCRETE MONUMENT,20200812,GOOD,MIDT,191.731
20260103,http://www.ngs.noaa.gov/cgi-bin/ds_mark.prl?PidBox=DL4991,DL4991,09626,43.8913500000,-84.0257055556,MI,BAY,DD = SURVEY DISK,7 = SET IN TOP OF CONCRETE MONUMENT,20080515,MONUMENTED,COLEM,193.675
20260103,http://www.ngs.noaa.gov/cgi-bin/ds_mark.prl?PidBox=NF0062,NF0062,1,42.7335277778,-84.4867777778,MI,INGHAM,B = BOLT,7 = SET IN TOP OF CONCRETE MONUMENT,1978,MARK NOT FOUND,NGS,259.98
20260103,http://www.ngs.noaa.gov/cgi-bin/ds_mark.prl?PidBox=RJ0509,RJ0509,1,46.1012500000,-85.7386111111,MI,MACKINAC,DB = BENCH MARK DISK,35 = SET IN A MAT FOUNDATION OR CONCRETE SLAB OTHER THAN PAVEMENT,20130611,GOOD,MIDT,231.044
20260103,http://www.ngs.noaa.gov/cgi-bin/ds_mark.prl?PidBox=SG0052,SG0052,1,47.1225000000,-88.5666666667,MI,HOUGHTON,B = BOLT,36 = SET IN A MASSIVE STRUCTURE,19960717,MARK NOT FOUND,NGS,185.288
20260103,http://www.ngs.noaa.gov/cgi-bin/ds_mark.prl?PidBox=NF0669,NF0669,1,42.9633333333,-85.6666666667,MI,KENT,DD = SURVEY DISK,7 = SET IN TOP OF CONCRETE MONUMENT,20010806,MARK NOT FOUND,NGS,196.546
20260103,http://www.ngs.noaa.gov/cgi-bin/ds_mark.prl?PidBox=AC5812,AC5812,1,47.3763861111,-87.9651277778,MI,KEWEENAW,DD = SURVEY DISK,7 = SET IN TOP OF CONCRETE MONUMENT,20171010,GOOD,WHG,185.902
20260103,http://www.ngs.noaa.gov/cgi-bin/ds_mark.prl?PidBox=AI1018,AI1018,1,45.3029461028,-85.2494670250,MI,CHARLEVOIX,DD = SURVEY DISK,50 = ALUMINUM ALLOY ROD W/O SLEEVE (10 FT.+),1998,MONUMENTED,WADTRI,181.9
20260103,http://www.ngs.noaa.gov/cgi-bin/ds_mark.prl?PidBox=AA6774,AA6774,1 1,42.4326322556,-83.5123985778,MI,WAYNE,,,20181101,MARK NOT FOUND,APSC,283.0
20260103,http://www.ngs.noaa.gov/cgi-bin/ds_mark.prl?PidBox=AA6765,AA6765,1 2,42.4228166000,-83.5119110833,MI,WAYNE,,,20181101,MARK NOT FOUND,APSC,263.8
20260103,http://www.ngs.noaa.gov/cgi-bin/ds_mark.prl?PidBox=NE0866,NE0866,1 253 A,42.2900000000,-83.1186111111,MI,WAYNE,DD = SURVEY DISK,7 = SET IN TOP OF CONCRETE MONUMENT,1980,GOOD,NGS,178.797
20260103,http://www.ngs.noaa.gov/cgi-bin/ds_mark.prl?PidBox=AA6775,AA6775,1 3,42.3953599917,-83.4816803472,MI,WAYNE,DH = HORIZONTAL CONTROL DISK,7 = SET IN TOP OF CONCRETE MONUMENT,1994,MONUMENTED,WADTRI,252.4
20260103,http://www.ngs.noaa.gov/cgi-bin/ds_mark.prl?PidBox=NE0867,NE0867,1 354 A C OF D,42.2938055556,-83.1103611111,MI,WAYNE,DD = SURVEY DISK,7 = SET IN TOP OF CONCRETE MONUMENT,20060410,GOOD,WOOLPT,179.212
20260103,http://www.ngs.noaa.gov/cgi-bin/ds_mark.prl?PidBox=AA6772,AA6772,1 4,42.3868981556,-83.4809582111,MI,WAYNE,DD = SURVEY DISK,7 = SET IN TOP OF CONCRETE MONUMENT,20081218,GOOD,INDIV,245.6
20260103,http://www.ngs.noaa.gov/cgi-bin/ds_mark.prl?PidBox=QK0081,QK0081,1 R 24 A,45.4213888889,-84.8202777778,MI,EMMET,Z = SEE DESCRIPTION,30 = SET IN A LIGHT STRUCTURE,1973,GOOD,USLS,182.857
20260103,http://www.ngs.noaa.gov/cgi-bin/ds_mark.prl?PidBox=RJ1333,RJ1333,1 R BIP+325,46.4439317222,-84.5902715250,MI,CHIPPEWA,DS = TRIANGULATION STATION DISK,7 = SET IN TOP OF CONCRETE MONUMENT,1988,GOOD,USACE,185.3
20260103,http://www.ngs.noaa.gov/cgi-bin/ds_mark.prl?PidBox=RJ1270,RJ1270,1 SLC+089,46.5021888250,-84.3449568639,MI,CHIPPEWA,DS = TRIANGULATION STATION DISK,35 = SET IN A MAT FOUNDATION OR CONCRETE SLAB OTHER THAN PAVEMENT,1988,MONUMENTED,USACE,179.0
20260103,http://www.ngs.noaa.gov/cgi-bin/ds_mark.prl?PidBox=QK0267,QK0267,1 USLS,45.7875833333,-84.7295833333,MI,CHEBOYGAN,Q = CHISELED SQUARE,34 = SET IN THE FOOTINGS OF SMALL/MEDIUM STRUCTURES,20140809,GOOD,GEOCAC,179.895
20260103,http://www.ngs.noaa.gov/cgi-bin/ds_mark.prl?PidBox=AE8000,AE8000,10,46.5018083333,-84.3420444444,MI,CHIPPEWA,DD = SURVEY DISK,41 = SET IN A LARGE STRUCTURE WITH FOUNDATIONS ON BEDROCK,20220801,GOOD,CO-OPS,178.751
20260103,http://www.ngs.noaa.gov/cgi-bin/ds_mark.prl?PidBox=AA6829,AA6829,10 1,42.3610303750,-83.0977395611,MI,WAYNE,DD = SURVEY DISK,7 = SET IN TOP OF CONCRETE MONUMENT,20071023,POOR,ADVGEO,191.33
20260103,http://www.ngs.noaa.gov/cgi-bin/ds_mark.prl?PidBox=AA6832,AA6832,10 2,42.3146274028,-83.0777751528,MI,WAYNE,DD = SURVEY DISK,7 = SET IN TOP OF CONCRETE MONUMENT,19961217,GOOD,WADTRI,176.9
20260103,http://www.ngs.noaa.gov/cgi-bin/ds_mark.prl?PidBox=NE0613,NE0613,10 252 A C OF D,42.3004166667,-83.0988333333,MI,WAYNE,DD = SURVEY DISK,30 = SET IN A LIGHT STRUCTURE,20150812,GOOD,NGS,178.457
20260103,http://www.ngs.noaa.gov/cgi-bin/ds_mark.prl?PidBox=NE0612,NE0612,10 252 C OF D,42.2991666667,-83.1000000000,MI,WAYNE,DD = SURVEY DISK,30 = SET IN A LIGHT STRUCTURE,1980,GOOD,NGS,178.697
20260103,http://www.ngs.noaa.gov/cgi-bin/ds_mark.prl?PidBox=AA6824,AA6824,10 3,42.3114385111,-83.0837453250,MI,WAYNE,DH = HORIZONTAL CONTROL DISK,7 = SET IN TOP OF CONCRETE MONUMENT,20031125,POOR,INDIV,177.9
20260103,http://www.ngs.noaa.gov/cgi-bin/ds_mark.prl?PidBox=NE0721,NE0721,10 B,42.3308972222,-83.7353055556,MI,WASHTENAW,DD = SURVEY DISK,9 = POST (STONE OR PRECAST CONCRETE),1945,GOOD,CGS,284.716
20260103,http://www.ngs.noaa.gov/cgi-bin/ds_mark.prl?PidBox=QK0034,QK0034,10 RBC,45.9858333333,-84.2138888889,MI,CHIPPEWA,DB = BENCH MARK DISK,7 = SET IN TOP OF CONCRETE MONUMENT,1983,MARK NOT FOUND,NGS,181.300
20260103,http://www.ngs.noaa.gov/cgi-bin/ds_mark.prl?PidBox=NF1073,NF1073,10 S,42.6977777778,-84.8186111111,MI,EATON,DB = BENCH MARK DISK,7 = SET IN TOP OF CONCRETE MONUMENT,1976,GOOD,MIDH,269.372
20260103,http://www.ngs.noaa.gov/cgi-bin/ds_mark.prl?PidBox=AA8065,AA8065,10 WPR,41.9990328250,-85.5176556833,MI,ST JOSEPH,DD = SURVEY DISK,7 = SET IN TOP OF CONCRETE MONUMENT,20080818,GOOD,INDIV,257.9
20260103,http://www.ngs.noaa.gov/cgi-bin/ds_mark.prl?PidBox=RJ0530,RJ0530,10 WRM,46.0361111111,-85.9766666667,MI,SCHOOLCRAFT,DD = SURVEY DISK,32 = SET IN A RETAINING WALL OR CONCRETE LEDGE,20021111,MARK NOT FOUND,USPSQD,201.917
20260103,http://www.ngs.noaa.gov/cgi-bin/ds_mark.prl?PidBox=MD0068,MD0068,100,41.8996388889,-84.0376388889,MI,LENAWEE,Z = SEE DESCRIPTION,34 = SET IN THE FOOTINGS OF SMALL/MEDIUM STRUCTURES,20120731,GOOD,GEOCAC,235.587
20260103,http://www.ngs.noaa.gov/cgi-bin/ds_mark.prl?PidBox=OK0137,OK0137,100 1/2,43.0044444444,-84.6038888889,MI,CLINTON,B = BOLT,7 = SET IN TOP OF CONCRETE MONUMENT,20070605,GOOD,MIDT,228.290
20260103,http://www.ngs.noaa.gov/cgi-bin/ds_mark.prl?PidBox=AA5510,AA5510,1000,42.2908333333,-83.7961111111,MI,WASHTENAW,DD = SURVEY DISK,31 = SET IN A PAVEMENT SUCH AS STREET SIDEWALK CURB ETC.,20160524,GOOD,MIDT,289.652
20260103,http://www.ngs.noaa.gov/cgi-bin/ds_mark.prl?PidBox=AA5511,AA5511,1001,42.2886111111,-83.7900000000,MI,WASHTENAW,DD = SURVEY DISK,7 = SET IN TOP OF CONCRETE MONUMENT,20160526,MARK NOT FOUND,MIDT,285.503
20260103,http://www.ngs.noaa.gov/cgi-bin/ds_mark.prl?PidBox=RL1374,RL1374,1001.7,46.7233333333,-89.5627777778,MI,ONTONAGON,B = BOLT,30 = SET IN A LIGHT STRUCTURE,20040804,MARK NOT FOUND,USPSQD,305.346
20260103,http://www.ngs.noaa.gov/cgi-bin/ds_mark.prl?PidBox=AA5396,AA5396,10012,42.8004323750,-83.0997144722,MI,OAKLAND,DD = SURVEY DISK,7 = SET IN TOP OF CONCRETE MONUMENT,20060422,GOOD,MIDT,274.38
20260103,http://www.ngs.noaa.gov/cgi-bin/ds_mark.prl?PidBox=AA5512,AA5512,1002,42.2802777778,-83.7797222222,MI,WASHTENAW,DD = SURVEY DISK,7 = SET IN TOP OF CONCRETE MONUMENT,20160510,MARK NOT FOUND,MI0150,287.983
20260103,http://www.ngs.noaa.gov/cgi-bin/ds_mark.prl?PidBox=AA5513,AA5513,1003,42.2844444444,-83.7797222222,MI,WASHTENAW,DD = SURVEY DISK,7 = SET IN TOP OF CONCRETE MONUMENT,20160526,MARK NOT FOUND,MIDT,283.717
20260103,http://www.ngs.noaa.gov/cgi-bin/ds_mark.prl?PidBox=AA5514,AA5514,1004,42.2650000000,-83.7791666667,MI,WASHTENAW,DD = SURVEY DISK,7 = SET IN TOP OF CONCRETE MONUMENT,20160510,MARK NOT FOUND,MI0150,297.538
20260103,http://www.ngs.noaa.gov/cgi-bin/ds_mark.prl?PidBox=AA5515,AA5515,1005,42.2563888889,-83.7772222222,MI,WASHTENAW,DD = SURVEY DISK,31 = SET IN A PAVEMENT SUCH AS STREET SIDEWALK CURB ETC.,20200902,GOOD,SWFWMD,292.399
20260103,http://www.ngs.noaa.gov/cgi-bin/ds_mark.prl?PidBox=AA5516,AA5516,1006,42.2500000000,-83.7672222222,MI,WASHTENAW,DD = SURVEY DISK,7 = SET IN TOP OF CONCRETE MONUMENT,20160516,GOOD,MI0150,283.800
20260103,http://www.ngs.noaa.gov/cgi-bin/ds_mark.prl?PidBox=AA5517,AA5517,1007,42.2819444444,-83.7577777778,MI,WASHTENAW,DD = SURVEY DISK,7 = SET IN TOP OF CONCRETE MONUMENT,20160511,GOOD,MI0150,255.593
20260103,http://www.ngs.noaa.gov/cgi-bin/ds_mark.prl?PidBox=AA5518,AA5518,1008,42.2694444444,-83.7502777778,MI,WASHTENAW,DD = SURVEY DISK,7 = SET IN TOP OF CONCRETE MONUMENT,20160511,GOOD,MI0150,264.300
20260103,http://www.ngs.noaa.gov/cgi-bin/ds_mark.prl?PidBox=AA5519,AA5519,1009,42.2741666667,-83.7491666667,MI,WASHTENAW,DD = SURVEY DISK,7 = SET IN TOP OF CONCRETE MONUMENT,20030621,MARK NOT FOUND,USPSQD,249.101
20260103,http://www.ngs.noaa.gov/cgi-bin/ds_mark.prl?PidBox=OK0138,OK0138,101 1/2,43.0041666667,-84.6238888889,MI,CLINTON,Z = SEE DESCRIPTION,7 = SET IN TOP OF CONCRETE MONUMENT,20011211,MARK NOT FOUND,ROWEIN,224.178
20260103,http://www.ngs.noaa.gov/cgi-bin/ds_mark.prl?PidBox=AA5145,AA5145,101 AUGUSTA,42.1282249194,-83.5996479083,MI,WASHTENAW,DD = SURVEY DISK,7 = SET IN TOP OF CONCRETE MONUMENT,20210525,GOOD,MI-161,206.0
20260103,http://www.ngs.noaa.gov/cgi-bin/ds_mark.prl?PidBox=RJ1271,RJ1271,101 C7W 074,46.2387040472,-84.1702586361,MI,CHIPPEWA,DS = TRIANGULATION STATION DISK,15 = METAL ROD DRIVEN INTO GROUND. SEE TEXT FOR ADDITIONAL INFORMATION.,1988,MONUMENTED,USACE,177.7
20260103,http://www.ngs.noaa.gov/cgi-bin/ds_mark.prl?PidBox=AA5520,AA5520,1010,42.2855555556,-83.7469444444,MI,WASHTENAW,DD = SURVEY DISK,7 = SET IN TOP OF CONCRETE MONUMENT,20160511,MARK NOT FOUND,MI0150,247.485
20260103,http://www.ngs.noaa.gov/cgi-bin/ds_mark.prl?PidBox=AA5521,AA5521,1011,42.2811944444,-83.7410000000,MI,WASHTENAW,DD = SURVEY DISK,7 = SET IN TOP OF CONCRETE MONUMENT,20160511,GOOD,MI0150,266.187
20260103,http://www.ngs.noaa.gov/cgi-bin/ds_mark.prl?PidBox=AA5522,AA5522,1012,42.2691250000,-83.7394583333,MI,WASHTENAW,DB = BENCH MARK DISK,7 = SET IN TOP OF CONCRETE MONUMENT,20250718,GOOD,USPSQD,253.091
20260103,http://www.ngs.noaa.gov/cgi-bin/ds_mark.prl?PidBox=AA5523,AA5523,1013,42.2291666667,-83.7388888889,MI,WASHTENAW,DD = SURVEY DISK,7 = SET IN TOP OF CONCRETE MONUMENT,20160516,MARK NOT FOUND,MI0150,253.317
20260103,http://www.ngs.noaa.gov/cgi-bin/ds_mark.prl?PidBox=AA5524,AA5524,1014,42.2950000000,-83.7380555556,MI,WASHTENAW,DD = SURVEY DISK,7 = SET IN TOP OF CONCRETE MONUMENT,20010331,GOOD,NGS,256.959
20260103,http://www.ngs.noaa.gov/cgi-bin/ds_mark.prl?PidBox=AA5525,AA5525,1015,42.3033333333,-83.7358333333,MI,WASHTENAW,DD = SURVEY DISK,7 = SET IN TOP OF CONCRETE MONUMENT,20160503,GOOD,MI0150,260.520
20260103,http://www.ngs.noaa.gov/cgi-bin/ds_mark.prl?PidBox=AA5526,AA5526,1016,42.3163888889,-83.7336111111,MI,WASHTENAW,DD = SURVEY DISK,7 = SET IN TOP OF CONCRETE MONUMENT,20160503,GOOD,MI0150,286.116
20260103,http://www.ngs.noaa.gov/cgi-bin/ds_mark.prl?PidBox=AA5527,AA5527,1017,42.2991666667,-83.7330555556,MI,WASHTENAW,DD = SURVEY DISK,7 = SET IN TOP OF CONCRETE MONUMENT,20160503,GOOD,MI0150,261.042
20260103,http://www.ngs.noaa.gov/cgi-bin/ds_mark.prl?PidBox=AA5528,AA5528,1018,42.2297222222,-83.7294444444,MI,WASHTENAW,DD = SURVEY DISK,7 = SET IN TOP OF CONCRETE MONUMENT,20160923,GOOD,MI0150,252.588
20260103,http://www.ngs.noaa.gov/cgi-bin/ds_mark.prl?PidBox=AA5529,AA5529,1019,42.2563888889,-83.6844444444,MI,WASHTENAW,Q = CHISELED SQUARE,32 = SET IN A RETAINING WALL OR CONCRETE LEDGE,20160907,MARK NOT FOUND,MI0150,245.659
20260103,http://www.ngs.noaa.gov/cgi-bin/ds_mark.prl?PidBox=OK0140,OK0140,102 1/2,43.0038888889,-84.6436111111,MI,CLINTON,Z = SEE DESCRIPTION,7 = SET IN TOP OF CONCRETE MONUMENT,20011211,MARK NOT FOUND,ROWEIN,226.761
20260103,http://www.ngs.noaa.gov/cgi-bin/ds_mark.prl?PidBox=AA5146,AA5146,102 YPSI,42.2141424639,-83.6138570500,MI,WASHTENAW,DD = SURVEY DISK,7 = SET IN TOP OF CONCRETE MONUMENT,20200407,GOOD,MCA,228.2
20260103,http://www.ngs.noaa.gov/cgi-bin/ds_mark.prl?PidBox=AA5530,AA5530,1020,42.3169444444,-83.7205555556,MI,WASHTENAW,DD = SURVEY DISK,7 = SET IN TOP OF CONCRETE MONUMENT,1993,MONUMENTED,MI0150,280.795
20260103,http://www.ngs.noaa.gov/cgi-bin/ds_mark.prl?PidBox=AA5531,AA5531,1021,42.2655555556,-83.7197222222,MI,WASHTENAW,DD = SURVEY DISK,7 = SET IN TOP OF CONCRETE MONUMENT,20160907,GOOD,MI0150,280.137
20260103,http://www.ngs.noaa.gov/cgi-bin/ds_mark.prl?PidBox=AA5532,AA5532,1022,42.2875000000,-83.7188888889,MI,WASHTENAW,DD = SURVEY DISK,7 = SET IN TOP OF CONCRETE MONUMENT,1993,MONUMENTED,MI0150,244.562
20260103,http://www.ngs.noaa.gov/cgi-bin/ds_mark.prl?PidBox=AA5533,AA5533,1023,42.2533333333,-83.7147222222,MI,WASHTENAW,DD = SURVEY DISK,7 = SET IN TOP OF CONCRETE MONUMENT,20160907,GOOD,MI0150,271.463
20260103,http://www.ngs.noaa.gov/cgi-bin/ds_mark.prl?PidBox=NF0162,NF0162,1024,42.1111111111,-84.3297222222,MI,JACKSON,N = NAIL,33 = WOODEN OBJECT (DRIVEN IN A PILE POLE TREE OR STUMP),20010530,MARK NOT FOUND,ASMINC,311.680
20260103,http://www.ngs.noaa.gov/cgi-bin/ds_mark.prl?PidBox=AA5534,AA5534,1024,42.2450000000,-83.7086111111,MI,WASHTENAW,DD = SURVEY DISK,7 = SET IN TOP OF CONCRETE MONUMENT,20160923,GOOD,MI0150,249.266
20260103,http://www.ngs.noaa.gov/cgi-bin/ds_mark.prl?PidBox=AA5535,AA5535,1025,42.3175000000,-83.7072222222,MI,WASHTENAW,DD = SURVEY DISK,7 = SET IN TOP OF CONCRETE MONUMENT,1993,MONUMENTED,MI0150,291.285
20260103,http://www.ngs.noaa.gov/cgi-bin/ds_mark.prl?PidBox=AA5536,AA5536,1026,42.2380555556,-83.7005555556,MI,WASHTENAW,DD = SURVEY DISK,7 = SET IN TOP OF CONCRETE MONUMENT,20160923,GOOD,MI0150,250.626
20260103,http://www.ngs.noaa.gov/cgi-bin/ds_mark.prl?PidBox=AA5537,AA5537,1027,42.2447222222,-83.6997222222,MI,WASHTENAW,DD = SURVEY DISK,7 = SET IN TOP OF CONCRETE MONUMENT,20160923,MARK NOT FOUND,MI0150,250.478
20260103,http://www.ngs.noaa.gov/cgi-bin/ds_mark.prl?PidBox=AA5538,AA5538,1028,42.2769444444,-83.6988888889,MI,WASHTENAW,DD = SURVEY DISK,36 = SET IN A MASSIVE STRUCTURE,20090708,GOOD,INDIV,233.406
20260103,http://www.ngs.noaa.gov/cgi-bin/ds_mark.prl?PidBox=RL0802,RL0802,1028.5,46.6438888889,-89.1780555556,MI,ONTONAGON,S = SPIKE,30 = SET IN A LIGHT STRUCTURE,20010617,MARK NOT FOUND,USPSQD,313.492
20260103,http://www.ngs.noaa.gov/cgi-bin/ds_mark.prl?PidBox=AJ3458,AJ3458,1029 RESET,42.3047222222,-83.6925000000,MI,WASHTENAW,DD = SURVEY DISK,7 = SET IN TOP OF CONCRETE MONUMENT,20160904,GOOD,MI0150,277.23
20260103,http://www.ngs.noaa.gov/cgi-bin/ds_mark.prl?PidBox=RK0543,RK0543,103,46.4957250944,-87.6548867806,MI,MARQUETTE,I = METAL ROD,66 = SET IN ROCK OUTCROP,20080607,GOOD,GEOCAC,480.
20260103,http://www.ngs.noaa.gov/cgi-bin/ds_mark.prl?PidBox=OK0141,OK0141,103 1/2,43.0038888889,-84.6633333333,MI,CLINTON,Z = SEE DESCRIPTION,7 = SET IN TOP OF CONCRETE MONUMENT,20011211,MARK NOT FOUND,ROWEIN,217.977
20260103,http://www.ngs.noaa.gov/cgi-bin/ds_mark.prl?PidBox=RJ1272,RJ1272,103 R C7W 044,46.2450575583,-84.1755742278,MI,CHIPPEWA,DS = TRIANGULATION STATION DISK,15 = METAL ROD DRIVEN INTO GROUND. SEE TEXT FOR ADDITIONAL INFORMATION.,1988,MONUMENTED,USACE,178.2
20260103,http://www.ngs.noaa.gov/cgi-bin/ds_mark.prl?PidBox=AA5540,AA5540,1030,42.2880555556,-83.6925000000,MI,WASHTENAW,DD = SURVEY DISK,7 = SET IN TOP OF CONCRETE MONUMENT,20160907,MARK NOT FOUND,MI0150,247.423
20260103,http://www.ngs.noaa.gov/cgi-bin/ds_mark.prl?PidBox=AA5541,AA5541,1031,42.2452777778,-83.6925000000,MI,WASHTENAW,DD = SURVEY DISK,7 = SET IN TOP OF CONCRETE MONUMENT,20160923,GOOD,MI0150,247.789
20260103,http://www.ngs.noaa.gov/cgi-bin/ds_mark.prl?PidBox=DM5711,DM5711,1032,42.2853888889,-83.7469444444,MI,WASHTENAW,DD = SURVEY DISK,7 = SET IN TOP OF CONCRETE MONUMENT,20080919,MONUMENTED,STANTI,247.508
20260103,http://www.ngs.noaa.gov/cgi-bin/ds_mark.prl?PidBox=DN6192,DN6192,1033,42.2746111111,-83.6821388889,MI,WASHTENAW,DB = BENCH MARK DISK,7 = SET IN TOP OF CONCRETE MONUMENT,20160217,GOOD,ADVGEO,248.165
20260103,http://www.ngs.noaa.gov/cgi-bin/ds_mark.prl?PidBox=OK0143,OK0143,104 1/2,43.0036111111,-84.6827777778,MI,CLINTON,Z = SEE DESCRIPTION,7 = SET IN TOP OF CONCRETE MONUMENT,20011211,MARK NOT FOUND,ROWEIN,219.431
20260103,http://www.ngs.noaa.gov/cgi-bin/ds_mark.prl?PidBox=AA6847,AA6847,104 250,42.4152181361,-83.2278066639,MI,WAYNE,DH = HORIZONTAL CONTROL DISK,7 = SET IN TOP OF CONCRETE MONUMENT,1994,MONUMENTED,WADTRI,194.8
20260103,http://www.ngs.noaa.gov/cgi-bin/ds_mark.prl?PidBox=AA5148,AA5148,104 BRIDGEWATER,42.1077839500,-83.8928102833,MI,WASHTENAW,DD = SURVEY DISK,7 = SET IN TOP OF CONCRETE MONUMENT,20210518,POOR,MI-161,268.3
20260103,http://www.ngs.noaa.gov/cgi-bin/ds_mark.prl?PidBox=OK0460,OK0460,1048,43.6858333333,-85.5241666667,MI,MECOSTA,P = PIPE CAP,17 = SET INTO TOP OF METAL PIPE DRIVEN INTO GROUND,20010626,MARK NOT FOUND,USPSQD,319.213
20260103,http://www.ngs.noaa.gov/cgi-bin/ds_mark.prl?PidBox=OK0144,OK0144,105 1/2,43.0033333333,-84.7025000000,MI,CLINTON,Z = SEE DESCRIPTION,7 = SET IN TOP OF CONCRETE MONUMENT,20011211,MARK NOT FOUND,ROWEIN,225.081
20260103,http://www.ngs.noaa.gov/cgi-bin/ds_mark.prl?PidBox=RJ1273,RJ1273,105 C7W 016,46.2542389139,-84.1764764639,MI,CHIPPEWA,I = METAL ROD,80 = SET IN A BOULDER,1988,MONUMENTED,USACE,179.7
20260103,http://www.ngs.noaa.gov/cgi-bin/ds_mark.prl?PidBox=AA5149,AA5149,105 MANCHESTER,42.0724107889,-84.0806812722,MI,WASHTENAW,DD = SURVEY DISK,7 = SET IN TOP OF CONCRETE MONUMENT,20170122,GOOD,GEOCAC,294.4
20260103,http://www.ngs.noaa.gov/cgi-bin/ds_mark.prl?PidBox=RL0781,RL0781,1052.5,46.6433333333,-89.0605555556,MI,ONTONAGON,S = SPIKE,30 = SET IN A LIGHT STRUCTURE,20040810,MARK NOT FOUND,USPSQD,320.838
20260103,http://www.ngs.noaa.gov/cgi-bin/ds_mark.prl?PidBox=OK0145,OK0145,106 1/2,43.0033333333,-84.7222222222,MI,CLINTON,Z = SEE DESCRIPTION,7 = SET IN TOP OF CONCRETE MONUMENT,20011211,MARK NOT FOUND,ROWEIN,225.157
20260103,http://www.ngs.noaa.gov/cgi-bin/ds_mark.prl?PidBox=RJ1274,RJ1274,106 C7W 079,46.2363549389,-84.1812076111,MI,CHIPPEWA,DS = TRIANGULATION STATION DISK,15 = METAL ROD DRIVEN INTO GROUND. SEE TEXT FOR ADDITIONAL INFORMATION.,1988,MONUMENTED,USACE,177.6
20260103,http://www.ngs.noaa.gov/cgi-bin/ds_mark.prl?PidBox=AA5150,AA5150,106 SHARON,42.1913601306,-84.0320243222,MI,WASHTENAW,DD = SURVEY DISK,7 = SET IN TOP OF CONCRETE MONUMENT,20210608,GOOD,MI-161,306.3
20260103,http://www.ngs.noaa.gov/cgi-bin/ds_mark.prl?PidBox=RL0835,RL0835,1063.4,46.6530555556,-89.3850000000,MI,ONTONAGON,N = NAIL,36 = SET IN A MASSIVE STRUCTURE,20040504,MARK NOT FOUND,GEOCAC,324.182
20260103,http://www.ngs.noaa.gov/cgi-bin/ds_mark.prl?PidBox=RL0869,RL0869,1065.1,46.6958333333,-89.2908333333,MI,ONTONAGON,S = SPIKE,30 = SET IN A LIGHT STRUCTURE,20010619,MARK NOT FOUND,USPSQD,324.724
20260103,http://www.ngs.noaa.gov/cgi-bin/ds_mark.prl?PidBox=OK0147,OK0147,107 1/2,43.0030555556,-84.7419444444,MI,CLINTON,Z = SEE DESCRIPTION,7 = SET IN TOP OF CONCRETE MONUMENT,19940720,MARK NOT FOUND,LOCENG,226.951
20260103,http://www.ngs.noaa.gov/cgi-bin/ds_mark.prl?PidBox=RJ1275,RJ1275,107 C6W 128,46.2627339556,-84.1817816722,MI,CHIPPEWA,DS = TRIANGULATION STATION DISK,15 = METAL ROD DRIVEN INTO GROUND. SEE TEXT FOR ADDITIONAL INFORMATION.,1988,MONUMENTED,USACE,178.4
20260103,http://www.ngs.noaa.gov/cgi-bin/ds_mark.prl?PidBox=AA5151,AA5151,107 FREEDOM,42.2032153722,-83.9277679028,MI,WASHTENAW,DD = SURVEY DISK,7 = SET IN TOP OF CONCRETE MONUMENT,20210518,GOOD,MI-161,297.7
20260103,http://www.ngs.noaa.gov/cgi-bin/ds_mark.prl?PidBox=OK0148,OK0148,108 1/2,43.0030555556,-84.7616666667,MI,CLINTON,B = BOLT,7 = SET IN TOP OF CONCRETE MONUMENT,20070605,GOOD,MIDT,230.992
20260103,http://www.ngs.noaa.gov/cgi-bin/ds_mark.prl?PidBox=RJ1276,RJ1276,108 C7W 061,46.2406843250,-84.1813192722,MI,CHIPPEWA,DS = TRIANGULATION STATION DISK,15 = METAL ROD DRIVEN INTO GROUND. SEE TEXT FOR ADDITIONAL INFORMATION.,1988,MONUMENTED,USACE,177.8
20260103,http://www.ngs.noaa.gov/cgi-bin/ds_mark.prl?PidBox=AA5152,AA5152,108 SYLVAN,42.2965923000,-84.0938191083,MI,WASHTENAW,DD = SURVEY DISK,7 = SET IN TOP OF CONCRETE MONUMENT,20000913,GOOD,TETR,310.3
20260103,http://www.ngs.noaa.gov/cgi-bin/ds_mark.prl?PidBox=OK0150,OK0150,109 1/2,43.0027777778,-84.7811111111,MI,CLINTON,B = BOLT,7 = SET IN TOP OF CONCRETE MONUMENT,20070604,GOOD,MIDT,227.491
20260103,http://www.ngs.noaa.gov/cgi-bin/ds_mark.prl?PidBox=RJ1277,RJ1277,109 C6W 108,46.2653043750,-84.1894371083,MI,CHIPPEWA,I = METAL ROD,2 = IMBEDDED OR DRIVEN IN THE GROUND,1988,MONUMENTED,USACE,178.
20260103,http://www.ngs.noaa.gov/cgi-bin/ds_mark.prl?PidBox=AA5153,AA5153,109 LIMA,42.2993966222,-83.9764994389,MI,WASHTENAW,DD = SURVEY DISK,7 = SET IN TOP OF CONCRETE MONUMENT,20250613,GOOD,MIDT,272.9
20260103,http://www.ngs.noaa.gov/cgi-bin/ds_mark.prl?PidBox=RL0514,RL0514,1092,46.7089166667,-88.9744444444,MI,ONTONAGON,P = PIPE CAP,17 = SET INTO TOP OF METAL PIPE DRIVEN INTO GROUND,20080518,POOR,GEOCAC,332.880
20260103,http://www.ngs.noaa.gov/cgi-bin/ds_mark.prl?PidBox=MC0291,MC0291,11 DTSRR,41.8307777778,-83.4475000000,MI,MONROE,DD = SURVEY DISK,30 = SET IN A LIGHT STRUCTURE,1983,GOOD,LOCSUR,178.042
20260103,http://www.ngs.noaa.gov/cgi-bin/ds_mark.prl?PidBox=AA5509,AA5509,11 I,42.2602777778,-83.7347222222,MI,WASHTENAW,DD = SURVEY DISK,9 = POST (STONE OR PRECAST CONCRETE),20160907,GOOD,MI0150,255.370
20260103,http://www.ngs.noaa.gov/cgi-bin/ds_mark.prl?PidBox=OJ0445,OJ0445,11 ONA,43.6116666667,-83.5500000000,MI,TUSCOLA,DB = BENCH MARK DISK,7 = SET IN TOP OF CONCRETE MONUMENT,20041025,MARK NOT FOUND,USPSQD,182.155
20260103,http://www.ngs.noaa.gov/cgi-bin/ds_mark.prl?PidBox=QK0401,QK0401,11 RBC,45.9800000000,-84.1502777778,MI,MACKINAC,DD = SURVEY DISK,7 = SET IN TOP OF CONCRETE MONUMENT,20010331,GOOD,NGS,180.301
20260103,http://www.ngs.noaa.gov/cgi-bin/ds_mark.prl?PidBox=OL0323,OL0323,11 T RESET,43.7655222222,-86.4075611111,MI,OCEANA,DB = BENCH MARK DISK,7 = SET IN TOP OF CONCRETE MONUMENT,20230629,GOOD,MIDT,177.701
20260103,http://www.ngs.noaa.gov/cgi-bin/ds_mark.prl?PidBox=QL0026,QL0026,11 WRM,45.9975000000,-86.0050000000,MI,SCHOOLCRAFT,DD = SURVEY DISK,32 = SET IN A RETAINING WALL OR CONCRETE LEDGE,20021112,MARK NOT FOUND,USPSQD,189.780
20260103,http://www.ngs.noaa.gov/cgi-bin/ds_mark.prl?PidBox=QL0427,QL0427,11 WRM RESET,45.9975000000,-86.0050000000,MI,SCHOOLCRAFT,DB = BENCH MARK DISK,7 = SET IN TOP OF CONCRETE MONUMENT,20060915,GOOD,USPSQD,189.88
20260103,http://www.ngs.noaa.gov/cgi-bin/ds_mark.prl?PidBox=NG0062,NG0062,11.362,42.1194444444,-86.4538888889,MI,BERRIEN,X = CHISELED CROSS,36 = SET IN A MASSIVE STRUCTURE,1964,GOOD,CGS,180.377
20260103,http://www.ngs.noaa.gov/cgi-bin/ds_mark.prl?PidBox=OK0151,OK0151,110 1/2,43.0025000000,-84.8008333333,MI,CLINTON,Z = SEE DESCRIPTION,7 = SET IN TOP OF CONCRETE MONUMENT,20020121,MARK NOT FOUND,INDIV,221.093
20260103,http://www.ngs.noaa.gov/cgi-bin/ds_mark.prl?PidBox=AA6796,AA6796,110 125,42.2605801639,-83.3284795833,MI,WAYNE,DH = HORIZONTAL CONTROL DISK,7 = SET IN TOP OF CONCRETE MONUMENT,20060428,GOOD,MIDT,192.393
20260103,http://www.ngs.noaa.gov/cgi-bin/ds_mark.prl?PidBox=AA6794,AA6794,110 180,42.1807913556,-83.3252839333,MI,WAYNE,DH = HORIZONTAL CONTROL DISK,7 = SET IN TOP OF CONCRETE MONUMENT,20080514,GOOD,ROWEIN,189.351
20260103,http://www.ngs.noaa.gov/cgi-bin/ds_mark.prl?PidBox=AA6810,AA6810,110 220,42.1234185389,-83.3235980139,MI,WAYNE,DH = HORIZONTAL CONTROL DISK,7 = SET IN TOP OF CONCRETE MONUMENT,20091208,GOOD,INDIV,186.8
20260103,http://www.ngs.noaa.gov/cgi-bin/ds_mark.prl?PidBox=AA5154,AA5154,110 LYNDON,42.3820146056,-84.0829391917,MI,WASHTENAW,DD = SURVEY DISK,7 = SET IN TOP OF CONCRETE MONUMENT,20210304,GOOD,MI-161,306.1
20260103,http://www.ngs.noaa.gov/cgi-bin/ds_mark.prl?PidBox=RL0841,RL0841,1103.6,46.6858333333,-89.3872222222,MI,ONTONAGON,Z = SEE DESCRIPTION,30 = SET IN A LIGHT STRUCTURE,20240526,MARK NOT FOUND,MITU,336.413
20260103,http://www.ngs.noaa.gov/cgi-bin/ds_mark.prl?PidBox=ME0083,ME0083,111 1/2,41.7627777778,-86.1086111111,MI,CASS,DB = BENCH MARK DISK,7 = SET IN TOP OF CONCRETE MONUMENT,20230216,MARK NOT FOUND,BFSINC,248.416
20260103,http://www.ngs.noaa.gov/cgi-bin/ds_mark.prl?PidBox=OK0153,OK0153,111 1/2,43.0022704333,-84.8209997917,MI,CLINTON,B = BOLT,7 = SET IN TOP OF CONCRETE MONUMENT,20200623,GOOD,MIDT,221.915
20260103,http://www.ngs.noaa.gov/cgi-bin/ds_mark.prl?PidBox=AA5155,AA5155,111 DEXTER,42.3873680694,-83.9172292333,MI,WASHTENAW,DD = SURVEY DISK,7 = SET IN TOP OF CONCRETE MONUMENT,19961013,GOOD,OHM,266.2
20260103,http://www.ngs.noaa.gov/cgi-bin/ds_mark.prl?PidBox=RL1396,RL1396,1111.6,46.6713888889,-89.6205555556,MI,ONTONAGON,N = NAIL,30 = SET IN A LIGHT STRUCTURE,1948,GOOD,CGS,338.833
20260103,http://www.ngs.noaa.gov/cgi-bin/ds_mark.prl?PidBox=RL0793,RL0793,1112.1,46.5636111111,-89.1786111111,MI,ONTONAGON,N = NAIL,30 = SET IN A LIGHT STRUCTURE,20010617,MARK NOT FOUND,USPSQD,338.943
20260103,http://www.ngs.noaa.gov/cgi-bin/ds_mark.prl?PidBox=ME0084,ME0084,112 1/2,41.7752777778,-86.0983333333,MI,CASS,DB = BENCH MARK DISK,7 = SET IN TOP OF CONCRETE MONUMENT,1977,MARK NOT FOUND,USGS,250.175
20260103,http://www.ngs.noaa.gov/cgi-bin/ds_mark.prl?PidBox=OK0154,OK0154,112 1/2,43.0019444444,-84.8405555556,MI,IONIA,Z = SEE DESCRIPTION,0 = UNSPECIFIED SETTING,19940927,MARK NOT FOUND,LOCENG,224.602
20260103,http://www.ngs.noaa.gov/cgi-bin/ds_mark.prl?PidBox=AA5156,AA5156,112 NORTHFIELD WEST,42.3949889778,-83.7646854667,MI,WASHTENAW,DD = SURVEY DISK,7 = SET IN TOP OF CONCRETE MONUMENT,20210421,MARK NOT FOUND,MI-161,279.9
20260103,http://www.ngs.noaa.gov/cgi-bin/ds_mark.prl?PidBox=AA3838,AA3838,11200,42.1773643611,-86.2827202833,MI,BERRIEN,DH = HORIZONTAL CONTROL DISK,7 = SET IN TOP OF CONCRETE MONUMENT,20201203,GOOD,MIDT,227.0
20260103,http://www.ngs.noaa.gov/cgi-bin/ds_mark.prl?PidBox=AA3839,AA3839,11201,42.1750656778,-86.3114620361,MI,BERRIEN,DH = HORIZONTAL CONTROL DISK,7 = SET IN TOP OF CONCRETE MONUMENT,20230221,MARK NOT FOUND,MIDT,208.3
20260103,http://www.ngs.noaa.gov/cgi-bin/ds_mark.prl?PidBox=AA3840,AA3840,11202,42.0661242917,-86.4401424139,MI,BERRIEN,DD = SURVEY DISK,7 = SET IN TOP OF CONCRETE MONUMENT,20210203,GOOD,MIDT,192.4
20260103,http://www.ngs.noaa.gov/cgi-bin/ds_mark.prl?PidBox=AA3841,AA3841,11203,42.0579749194,-86.4594153972,MI,BERRIEN,DD = SURVEY DISK,7 = SET IN TOP OF CONCRETE MONUMENT,20230228,GOOD,MIDT,200.4
20260103,http://www.ngs.noaa.gov/cgi-bin/ds_mark.prl?PidBox=AA3842,AA3842,11204,42.0321761972,-86.5117629444,MI,BERRIEN,DD = SURVEY DISK,7 = SET IN TOP OF CONCRETE MONUMENT,20230228,GOOD,MIDT,201.0
20260103,http://www.ngs.noaa.gov/cgi-bin/ds_mark.prl?PidBox=AA3843,AA3843,11205,42.0249566639,-86.5260454500,MI,BERRIEN,DD = SURVEY DISK,7 = SET IN TOP OF CONCRETE MONUMENT,20130402,GOOD,SPALD,200.1
20260103,http://www.ngs.noaa.gov/cgi-bin/ds_mark.prl?PidBox=AA3844,AA3844,11206,42.1325706889,-86.3704404722,MI,BERRIEN,DH = HORIZONTAL CONTROL DISK,7 = SET IN TOP OF CONCRETE MONUMENT,1993,MONUMENTED,MIDT,211.5
20260103,http://www.ngs.noaa.gov/cgi-bin/ds_mark.prl?PidBox=AA3845,AA3845,11207,42.1429578111,-86.3567121306,MI,BERRIEN,DH = HORIZONTAL CONTROL DISK,7 = SET IN TOP OF CONCRETE MONUMENT,20230221,MARK NOT FOUND,MIDT,204.9
20260103,http://www.ngs.noaa.gov/cgi-bin/ds_mark.prl?PidBox=SG0077,SG0077,1128,47.0847222222,-88.6508333333,MI,HOUGHTON,P = PIPE CAP,17 = SET INTO TOP OF METAL PIPE DRIVEN INTO GROUND,20050713,MARK NOT FOUND,GEOCAC,343.48
20260103,http://www.ngs.noaa.gov/cgi-bin/ds_mark.prl?PidBox=ME0085,ME0085,113 1/2,41.7875000000,-86.0880555556,MI,CASS,DB = BENCH MARK DISK,7 = SET IN TOP OF CONCRETE MONUMENT,1977,MARK NOT FOUND,USGS,250.326
20260103,http://www.ngs.noaa.gov/cgi-bin/ds_mark.prl?PidBox=AA5157,AA5157,113 NORTHFIELD EAST,42.3543978639,-83.6818880889,MI,WASHTENAW,DD = SURVEY DISK,7 = SET IN TOP OF CONCRETE MONUMENT,1993,MONUMENTED,AYLENO,297.7
20260103,http://www.ngs.noaa.gov/cgi-bin/ds_mark.prl?PidBox=RL0840,RL0840,1134.5,46.6813888889,-89.3894444444,MI,ONTONAGON,N = NAIL,30 = SET IN A LIGHT STRUCTURE,20040811,MARK NOT FOUND,USPSQD,345.843
20260103,http://www.ngs.noaa.gov/cgi-bin/ds_mark.prl?PidBox=RL1371,RL1371,1136.3,46.6927777778,-89.5619444444,MI,ONTONAGON,N = NAIL,30 = SET IN A LIGHT STRUCTURE,20040804,MARK NOT FOUND,USPSQD,346.355
20260103,http://www.ngs.noaa.gov/cgi-bin/ds_mark.prl?PidBox=RL0773,RL0773,1136.8,46.5641666667,-89.0533333333,MI,ONTONAGON,S = SPIKE,30 = SET IN A LIGHT STRUCTURE,20040810,MARK NOT FOUND,USPSQD,346.519
20260103,http://www.ngs.noaa.gov/cgi-bin/ds_mark.prl?PidBox=AA5404,AA5404,11363,42.6106637778,-83.5719660639,MI,OAKLAND,DD = SURVEY DISK,7 = SET IN TOP OF CONCRETE MONUMENT,20060105,MARK NOT FOUND,INDIV,301.7
20260103,http://www.ngs.noaa.gov/cgi-bin/ds_mark.prl?PidBox=RL0777,RL0777,1139.3,46.6077777778,-89.0580555556,MI,ONTONAGON,S = SPIKE,30 = SET IN A LIGHT STRUCTURE,20040810,MARK NOT FOUND,USPSQD,347.272
20260103,http://www.ngs.noaa.gov/cgi-bin/ds_mark.prl?PidBox=RJ0222,RJ0222,114,46.4194444444,-84.2175000000,MI,CHIPPEWA,I = METAL ROD,15 = METAL ROD DRIVEN INTO GROUND. SEE TEXT FOR ADDITIONAL INFORMATION.,1983,GOOD,NGS,206.197
20260103,http://www.ngs.noaa.gov/cgi-bin/ds_mark.prl?PidBox=NF0300,NF0300,114 1/2,42.9991666667,-84.8780555556,MI,IONIA,Z = SEE DESCRIPTION,7 = SET IN TOP OF CONCRETE MONUMENT,20070604,MARK NOT FOUND,MIDT,213.608
20260103,http://www.ngs.noaa.gov/cgi-bin/ds_mark.prl?PidBox=AA6845,AA6845,114 254,42.4153329528,-83.2379934250,MI,WAYNE,DH = HORIZONTAL CONTROL DISK,7 = SET IN TOP OF CONCRETE MONUMENT,20091228,GOOD,INDIV,193.3
20260103,http://www.ngs.noaa.gov/cgi-bin/ds_mark.prl?PidBox=AA5158,AA5158,114 SALEM,42.4062260528,-83.5757222750,MI,WASHTENAW,DD = SURVEY DISK,7 = SET IN TOP OF CONCRETE MONUMENT,1993,MONUMENTED,AYLENO,284.5
20260103,http://www.ngs.noaa.gov/cgi-bin/ds_mark.prl?PidBox=DG9173,DG9173,11400,41.8241666667,-86.2425000000,MI,BERRIEN,DD = SURVEY DISK,7 = SET IN TOP OF CONCRETE MONUMENT,20180529,MARK NOT FOUND,MIDT,223.316
20260103,http://www.ngs.noaa.gov/cgi-bin/ds_mark.prl?PidBox=RL0865,RL0865,1149.2,46.6988888889,-89.2291666667,MI,ONTONAGON,S = SPIKE,30 = SET IN A LIGHT STRUCTURE,20010619,MARK NOT FOUND,USPSQD,350.355
20260103,http://www.ngs.noaa.gov/cgi-bin/ds_mark.prl?PidBox=ME0087,ME0087,115 1/2,41.8136111111,-86.0719444444,MI,CASS,DD = SURVEY DISK,7 = SET IN TOP OF CONCRETE MONUMENT,1977,MARK NOT FOUND,USGS,255.850
20260103,http://www.ngs.noaa.gov/cgi-bin/ds_mark.prl?PidBox=AA5159,AA5159,115 SCIO,42.2960154389,-83.8389918833,MI,WASHTENAW,DD = SURVEY DISK,7 = SET IN TOP OF CONCRETE MONUMENT,20010405,MARK NOT FOUND,LOCENG,270.3
20260103,http://www.ngs.noaa.gov/cgi-bin/ds_mark.prl?PidBox=DK7540,DK7540,11600,42.0883333333,-86.4738888889,MI,BERRIEN,DD = SURVEY DISK,37 = SET IN A MASSIVE RETAINING WALL,20080708,MONUMENTED,COLEM,184.965
20260103,http://www.ngs.noaa.gov/cgi-bin/ds_mark.prl?PidBox=DK7539,DK7539,11601,42.0905555556,-86.4427777778,MI,BERRIEN,DD = SURVEY DISK,7 = SET IN TOP OF CONCRETE MONUMENT,20230330,GOOD,MIDT,191.001
20260103,http://www.ngs.noaa.gov/cgi-bin/ds_mark.prl?PidBox=DK7541,DK7541,11602,42.0900000000,-86.4219444444,MI,BERRIEN,DD = SURVEY DISK,7 = SET IN TOP OF CONCRETE MONUMENT,20230117,MARK NOT FOUND,MIDT,190.398
20260103,http://www.ngs.noaa.gov/cgi-bin/ds_mark.prl?PidBox=DK7544,DK7544,11603,42.1122222222,-86.3783333333,MI,BERRIEN,DD = SURVEY DISK,7 = SET IN TOP OF CONCRETE MONUMENT,20151210,GOOD,INDIV,208.075
20260103,http://www.ngs.noaa.gov/cgi-bin/ds_mark.prl?PidBox=DK7545,DK7545,11604,42.1277777778,-86.3783333333,MI,BERRIEN,DD = SURVEY DISK,37 = SET IN A MASSIVE RETAINING WALL,20080708,MONUMENTED,COLEM,199.528
20260103,http://www.ngs.noaa.gov/cgi-bin/ds_mark.prl?PidBox=DQ7274,DQ7274,11605,42.1154111111,-86.4743750000,MI,BERRIEN,F = FLANGE-ENCASED ROD,60 = ALUMINUM ALLOY ROD IN SLEEVE (10 FT.+),20150721,GOOD,MIDT,178.258
20260103,http://www.ngs.noaa.gov/cgi-bin/ds_mark.prl?PidBox=DQ6933,DQ6933,11606,42.1442583333,-86.4508111111,MI,BERRIEN,F = FLANGE-ENCASED ROD,60 = ALUMINUM ALLOY ROD IN SLEEVE (10 FT.+),20120619,MONUMENTED,MIDT,207.669
20260103,http://www.ngs.noaa.gov/cgi-bin/ds_mark.prl?PidBox=DQ6934,DQ6934,11607,42.1604527778,-86.4354111111,MI,BERRIEN,F = FLANGE-ENCASED ROD,60 = ALUMINUM ALLOY ROD IN SLEEVE (10 FT.+),20230208,GOOD,MIDT,213.161
20260103,http://www.ngs.noaa.gov/cgi-bin/ds_mark.prl?PidBox=DQ6935,DQ6935,11608,42.1778722222,-86.4178972222,MI,BERRIEN,F = FLANGE-ENCASED ROD,60 = ALUMINUM ALLOY ROD IN SLEEVE (10 FT.+),20230104,MARK NOT FOUND,MIDT,210.331
20260103,http://www.ngs.noaa.gov/cgi-bin/ds_mark.prl?PidBox=DQ6936,DQ6936,11609,42.1918833333,-86.4036833333,MI,BERRIEN,F = FLANGE-ENCASED ROD,60 = ALUMINUM ALLOY ROD IN SLEEVE (10 FT.+),20250710,GOOD,MIDT,201.839
20260103,http://www.ngs.noaa.gov/cgi-bin/ds_mark.prl?PidBox=DQ6937,DQ6937,11610,42.2075583333,-86.3902833333,MI,BERRIEN,F = FLANGE-ENCASED ROD,60 = ALUMINUM ALLOY ROD IN SLEEVE (10 FT.+),20230216,GOOD,MIDT,205.760
20260103,http://www.ngs.noaa.gov/cgi-bin/ds_mark.prl?PidBox=DQ6938,DQ6938,11611,42.2261472222,-86.3728333333,MI,BERRIEN,DD = SURVEY DISK,7 = SET IN TOP OF CONCRETE MONUMENT,20140618,MONUMENTED,MIDT,188.896
20260103,http://www.ngs.noaa.gov/cgi-bin/ds_mark.prl?PidBox=RM0026,RM0026,1167 C,46.5816250000,-90.3851583333,MI,GOGEBIC,DB = BENCH MARK DISK,7 = SET IN TOP OF CONCRETE MONUMENT,20180723,GOOD,WIDT,206.645
20260103,http://www.ngs.noaa.gov/cgi-bin/ds_mark.prl?PidBox=ME0089,ME0089,117 1/2,41.8394444444,-86.0566666667,MI,CASS,DD = SURVEY DISK,7 = SET IN TOP OF CONCRETE MONUMENT,1977,MARK NOT FOUND,USGS,262.567
20260103,http://www.ngs.noaa.gov/cgi-bin/ds_mark.prl?PidBox=RL0874,RL0874,1172.7,46.6794444444,-89.3650000000,MI,ONTONAGON,S = SPIKE,30 = SET IN A LIGHT STRUCTURE,20010619,MARK NOT FOUND,USPSQD,357.518
20260103,http://www.ngs.noaa.gov/cgi-bin/ds_mark.prl?PidBox=RL0838,RL0838,1175.8,46.6641666667,-89.3944444444,MI,ONTONAGON,N = NAIL,30 = SET IN A LIGHT STRUCTURE,20040811,MARK NOT FOUND,USPSQD,358.431
20260103,http://www.ngs.noaa.gov/cgi-bin/ds_mark.prl?PidBox=RL0829,RL0829,1188.7,46.5936111111,-89.3961111111,MI,ONTONAGON,Q = CHISELED SQUARE,30 = SET IN A LIGHT STRUCTURE,20040811,MARK NOT FOUND,USPSQD,362.384
20260103,http://www.ngs.noaa.gov/cgi-bin/ds_mark.prl?PidBox=RJ0231,RJ0231,12,46.4841666667,-84.2413888889,MI,CHIPPEWA,I = METAL ROD,15 = METAL ROD DRIVEN INTO GROUND. SEE TEXT FOR ADDITIONAL INFORMATION.,1983,GOOD,NGS,243.090
20260103,http://www.ngs.noaa.gov/cgi-bin/ds_mark.prl?PidBox=NF0177,NF0177,12 0 1,42.0811111111,-84.1347222222,MI,JACKSON,DD = SURVEY DISK,9 = POST (STONE OR PRECAST CONCRETE),20031108,MARK NOT FOUND,USPSQD,302.311
20260103,http://www.ngs.noaa.gov/cgi-bin/ds_mark.prl?PidBox=AA6782,AA6782,12 1,42.2475932194,-83.5166548694,MI,WAYNE,DH = HORIZONTAL CONTROL DISK,7 = SET IN TOP OF CONCRETE MONUMENT,20090610,POOR,INDIV,213.2
20260103,http://www.ngs.noaa.gov/cgi-bin/ds_mark.prl?PidBox=AA6780,AA6780,12 2,42.2150731472,-83.4933808389,MI,WAYNE,DH = HORIZONTAL CONTROL DISK,7 = SET IN TOP OF CONCRETE MONUMENT,1994,MONUMENTED,WADTRI,207.6
20260103,http://www.ngs.noaa.gov/cgi-bin/ds_mark.prl?PidBox=AA6801,AA6801,12 3,42.1818230056,-83.5422155750,MI,WAYNE,DH = HORIZONTAL CONTROL DISK,7 = SET IN TOP OF CONCRETE MONUMENT,1994,MONUMENTED,WADTRI,212.6
20260103,http://www.ngs.noaa.gov/cgi-bin/ds_mark.prl?PidBox=AA6792,AA6792,12 4,42.1762550972,-83.4439141361,MI,WAYNE,DH = HORIZONTAL CONTROL DISK,7 = SET IN TOP OF CONCRETE MONUMENT,20071210,GOOD,INDIV,203.4
20260103,http://www.ngs.noaa.gov/cgi-bin/ds_mark.prl?PidBox=AA6804,AA6804,12 5,42.2105016750,-83.4955013889,MI,WAYNE,DH = HORIZONTAL CONTROL DISK,7 = SET IN TOP OF CONCRETE MONUMENT,1994,MONUMENTED,WADTRI,200.8
20260103,http://www.ngs.noaa.gov/cgi-bin/ds_mark.prl?PidBox=RJ1248,RJ1248,12 A LR3 076,46.4429269278,-84.2448487667,MI,CHIPPEWA,DS = TRIANGULATION STATION DISK,15 = METAL ROD DRIVEN INTO GROUND. SEE TEXT FOR ADDITIONAL INFORMATION.,1988,MONUMENTED,USACE,179.1
20260103,http://www.ngs.noaa.gov/cgi-bin/ds_mark.prl?PidBox=NF0161,NF0161,12 D 1,42.1125000000,-84.3369444444,MI,JACKSON,DD = SURVEY DISK,9 = POST (STONE OR PRECAST CONCRETE),1971,MARK NOT FOUND,USGS,311.177
20260103,http://www.ngs.noaa.gov/cgi-bin/ds_mark.prl?PidBox=NF0163,NF0163,12 E 1,42.1094444444,-84.3088888889,MI,JACKSON,DD = SURVEY DISK,9 = POST (STONE OR PRECAST CONCRETE),1971,MARK NOT FOUND,USGS,317.993
20260103,http://www.ngs.noaa.gov/cgi-bin/ds_mark.prl?PidBox=NF0164,NF0164,12 F 1,42.1091666667,-84.3016666667,MI,JACKSON,DD = SURVEY DISK,9 = POST (STONE OR PRECAST CONCRETE),20010530,GOOD,ASMINC,313.875
20260103,http://www.ngs.noaa.gov/cgi-bin/ds_mark.prl?PidBox=NF0169,NF0169,12 G 1,42.1072222222,-84.2569444444,MI,JACKSON,DD = SURVEY DISK,9 = POST (STONE OR PRECAST CONCRETE),19990216,MARK NOT FOUND,MIDT,304.932
20260103,http://www.ngs.noaa.gov/cgi-bin/ds_mark.prl?PidBox=NF0170,NF0170,12 I 1,42.1060238139,-84.2479309472,MI,JACKSON,DD = SURVEY DISK,9 = POST (STONE OR PRECAST CONCRETE),20110301,GOOD,MIDT,302.444
20260103,http://www.ngs.noaa.gov/cgi-bin/ds_mark.prl?PidBox=NF1145,NF1145,12 J,42.2600662444,-84.1632350222,MI,JACKSON,DD = SURVEY DISK,7 = SET IN TOP OF CONCRETE MONUMENT,20090925,GOOD,JCLS,309.148
20260103,http://www.ngs.noaa.gov/cgi-bin/ds_mark.prl?PidBox=NF0171,NF0171,12 J 1,42.0986111111,-84.2383333333,MI,JACKSON,DD = SURVEY DISK,9 = POST (STONE OR PRECAST CONCRETE),1976,MARK NOT FOUND,USGS,298.562
20260103,http://www.ngs.noaa.gov/cgi-bin/ds_mark.prl?PidBox=NF0172,NF0172,12 J 1 AZ,42.0986111111,-84.2316666667,MI,JACKSON,DD = SURVEY DISK,9 = POST (STONE OR PRECAST CONCRETE),1976,MARK NOT FOUND,USGS,300.317
20260103,http://www.ngs.noaa.gov/cgi-bin/ds_mark.prl?PidBox=NF0173,NF0173,12 K 1,42.0911111111,-84.1880555556,MI,JACKSON,DD = SURVEY DISK,9 = POST (STONE OR PRECAST CONCRETE),20210721,GOOD,MIDT,301.222
20260103,http://www.ngs.noaa.gov/cgi-bin/ds_mark.prl?PidBox=AA5194,AA5194,12 L,42.2564093444,-84.1746950333,MI,JACKSON,DD = SURVEY DISK,7 = SET IN TOP OF CONCRETE MONUMENT,1934,MONUMENTED,MIGS,307.7
20260103,http://www.ngs.noaa.gov/cgi-bin/ds_mark.prl?PidBox=NF0174,NF0174,12 M 1,42.0841666667,-84.1672222222,MI,JACKSON,DD = SURVEY DISK,9 = POST (STONE OR PRECAST CONCRETE),20031108,MARK NOT FOUND,USPSQD,307.028
20260103,http://www.ngs.noaa.gov/cgi-bin/ds_mark.prl?PidBox=NF0176,NF0176,12 N 1,42.0788888889,-84.1383333333,MI,JACKSON,DD = SURVEY DISK,9 = POST (STONE OR PRECAST CONCRETE),20031108,MARK NOT FOUND,USPSQD,295.565
20260103,http://www.ngs.noaa.gov/cgi-bin/ds_mark.prl?PidBox=NF0175,NF0175,12 N 1 AZ,42.0805555556,-84.1430555556,MI,JACKSON,DD = SURVEY DISK,9 = POST (STONE OR PRECAST CONCRETE),20031108,MARK NOT FOUND,USPSQD,302.946
20260103,http://www.ngs.noaa.gov/cgi-bin/ds_mark.prl?PidBox=NF0178,NF0178,12 P 11,42.0858333333,-84.1319444444,MI,WASHTENAW,DD = SURVEY DISK,7 = SET IN TOP OF CONCRETE MONUMENT,20210421,MARK NOT FOUND,MI-161,302.212
20260103,http://www.ngs.noaa.gov/cgi-bin/ds_mark.prl?PidBox=NF0180,NF0180,12 Q 1,42.1183333333,-84.1327777778,MI,WASHTENAW,DD = SURVEY DISK,9 = POST (STONE OR PRECAST CONCRETE),1976,MARK NOT FOUND,USGS,314.696
20260103,http://www.ngs.noaa.gov/cgi-bin/ds_mark.prl?PidBox=NF0181,NF0181,12 R 1,42.1300361111,-84.1367250000,MI,JACKSON,DD = SURVEY DISK,9 = POST (STONE OR PRECAST CONCRETE),20160622,GOOD,GEOCAC,300.365
20260103,http://www.ngs.noaa.gov/cgi-bin/ds_mark.prl?PidBox=QK0028,QK0028,12 RBC,45.9786111111,-84.1038888889,MI,CHIPPEWA,DB = BENCH MARK DISK,31 = SET IN A PAVEMENT SUCH AS STREET SIDEWALK CURB ETC.,20010331,GOOD,NGS,179.357
20260103,http://www.ngs.noaa.gov/cgi-bin/ds_mark.prl?PidBox=NF0186,NF0186,12 T AZ,42.1588243778,-84.1870256972,MI,JACKSON,DD = SURVEY DISK,9 = POST (STONE OR PRECAST CONCRETE),20210728,SEE DESCRIPTION,MIDT,290.327
20260103,http://www.ngs.noaa.gov/cgi-bin/ds_mark.prl?PidBox=NF0184,NF0184,12 U,42.1700000000,-84.1730555556,MI,JACKSON,DD = SURVEY DISK,9 = POST (STONE OR PRECAST CONCRETE),20070702,GOOD,MIDT,294.780
20260103,http://www.ngs.noaa.gov/cgi-bin/ds_mark.prl?PidBox=NF0183,NF0183,12 V,42.1722222222,-84.1450000000,MI,JACKSON,DD = SURVEY DISK,9 = POST (STONE OR PRECAST CONCRETE),20031108,MARK NOT FOUND,USPSQD,298.272
20260103,http://www.ngs.noaa.gov/cgi-bin/ds_mark.prl?PidBox=NF0182,NF0182,12 V AZ,42.1711111111,-84.1388888889,MI,JACKSON,DD = SURVEY DISK,9 = POST (STONE OR PRECAST CONCRETE),20031108,MARK NOT FOUND,USPSQD,291.149
20260103,http://www.ngs.noaa.gov/cgi-bin/ds_mark.prl?PidBox=NF0303,NF0303,120 1/2,42.9863888889,-84.9938888889,MI,IONIA,Z = SEE DESCRIPTION,7 = SET IN TOP OF CONCRETE MONUMENT,1975,MARK NOT FOUND,USGS,195.830
20260103,http://www.ngs.noaa.gov/cgi-bin/ds_mark.prl?PidBox=AA6770,AA6770,120 20,42.4133738000,-83.3153922861,MI,WAYNE,DD = SURVEY DISK,7 = SET IN TOP OF CONCRETE MONUMENT,20250616,GOOD,MIDT,194.1
20260103,http://www.ngs.noaa.gov/cgi-bin/ds_mark.prl?PidBox=AA6773,AA6773,120 60,42.3553459194,-83.3126069167,MI,WAYNE,DB = BENCH MARK DISK,7 = SET IN TOP OF CONCRETE MONUMENT,20040301,GOOD,INDIV,193.5
20260103,http://www.ngs.noaa.gov/cgi-bin/ds_mark.prl?PidBox=AA6768,AA6768,120 64,42.3495050806,-83.3126473389,MI,WAYNE,DB = BENCH MARK DISK,7 = SET IN TOP OF CONCRETE MONUMENT,20120717,MARK NOT FOUND,GEOCAC,190.404
20260103,http://www.ngs.noaa.gov/cgi-bin/ds_mark.prl?PidBox=RL0502,RL0502,1200,46.8825479000,-88.8661740167,MI,HOUGHTON,DB = BENCH MARK DISK,38 = SET IN THE ABUTMENT OR PIER OF A LARGE BRIDGE,20140812,GOOD,MIDT,365.512
20260103,http://www.ngs.noaa.gov/cgi-bin/ds_mark.prl?PidBox=RJ0221,RJ0221,121,46.4194444444,-84.2063888889,MI,CHIPPEWA,I = METAL ROD,48 = GALVANIZED STEEL ROD W/O SLEEVE (1O FT.+),1983,GOOD,NGS,187.725
20260103,http://www.ngs.noaa.gov/cgi-bin/ds_mark.prl?PidBox=ME0091,ME0091,121 1/2,41.8891666667,-86.0155555556,MI,CASS,DD = SURVEY DISK,7 = SET IN TOP OF CONCRETE MONUMENT,1977,MARK NOT FOUND,USGS,270.698
20260103,http://www.ngs.noaa.gov/cgi-bin/ds_mark.prl?PidBox=AB3103,AB3103,12102,41.9412885889,-85.2350441389,MI,BRANCH,DH = HORIZONTAL CONTROL DISK,7 = SET IN TOP OF CONCRETE MONUMENT,20250708,GOOD,MIDT,282.1
20260103,http://www.ngs.noaa.gov/cgi-bin/ds_mark.prl?PidBox=AB3101,AB3101,12200,41.9484260722,-85.2925206917,MI,BRANCH,DH = HORIZONTAL CONTROL DISK,7 = SET IN TOP OF CONCRETE MONUMENT,20081016,GOOD,AHI,267.5
20260103,http://www.ngs.noaa.gov/cgi-bin/ds_mark.prl?PidBox=AB3102,AB3102,12201,41.9414031778,-85.2759461667,MI,BRANCH,DH = HORIZONTAL CONTROL DISK,7 = SET IN TOP OF CONCRETE MONUMENT,20221212,GOOD,MIDT,268.6
20260103,http://www.ngs.noaa.gov/cgi-bin/ds_mark.prl?PidBox=RL0811,RL0811,1222.5 USGS,46.7286111111,-89.1744444444,MI,ONTONAGON,N = NAIL,30 = SET IN A LIGHT STRUCTURE,20010617,MARK NOT FOUND,USPSQD,372.671
20260103,http://www.ngs.noaa.gov/cgi-bin/ds_mark.prl?PidBox=RL0826,RL0826,1227.1,46.5847222222,-89.3955555556,MI,ONTONAGON,Z = SEE DESCRIPTION,30 = SET IN A LIGHT STRUCTURE,20040811,MARK NOT FOUND,USPSQD,374.099
20260103,http://www.ngs.noaa.gov/cgi-bin/ds_mark.prl?PidBox=SG0018,SG0018,1228.85,47.2483333333,-88.4472222222,MI,HOUGHTON,T = CHISELED TRIANGLE,30 = SET IN A LIGHT STRUCTURE,20031005,MARK NOT FOUND,GEOCAC,373.230
20260103,http://www.ngs.noaa.gov/cgi-bin/ds_mark.prl?PidBox=SG0021,SG0021,1236.58,47.2455555556,-88.4580555556,MI,HOUGHTON,Q = CHISELED SQUARE,30 = SET IN A LIGHT STRUCTURE,20030926,MARK NOT FOUND,GEOCAC,376.377
20260103,http://www.ngs.noaa.gov/cgi-bin/ds_mark.prl?PidBox=RL0770,RL0770,1239.0,46.5502777778,-89.0119444444,MI,ONTONAGON,S = SPIKE,30 = SET IN A LIGHT STRUCTURE,20040810,MARK NOT FOUND,USPSQD,377.696
20260103,http://www.ngs.noaa.gov/cgi-bin/ds_mark.prl?PidBox=SG0020,SG0020,1241,47.2429027778,-88.4485222222,MI,HOUGHTON,P = PIPE CAP,17 = SET INTO TOP OF METAL PIPE DRIVEN INTO GROUND,20040824,MARK NOT FOUND,GEOCAC,377.857
20260103,http://www.ngs.noaa.gov/cgi-bin/ds_mark.prl?PidBox=NF0378,NF0378,126 1/2,42.9650000000,-85.1044444444,MI,IONIA,Z = SEE DESCRIPTION,7 = SET IN TOP OF CONCRETE MONUMENT,19921111,MARK NOT FOUND,NGS,196.129
20260103,http://www.ngs.noaa.gov/cgi-bin/ds_mark.prl?PidBox=RL1359,RL1359,1266.4,46.6358333333,-89.5522222222,MI,ONTONAGON,Z = SEE DESCRIPTION,30 = SET IN A LIGHT STRUCTURE,20040803,MARK NOT FOUND,USPSQD,386.070
20260103,http://www.ngs.noaa.gov/cgi-bin/ds_mark.prl?PidBox=RL0866,RL0866,1267.7,46.6947222222,-89.2483333333,MI,ONTONAGON,S = SPIKE,30 = SET IN A LIGHT STRUCTURE,20010619,MARK NOT FOUND,USPSQD,386.451
20260103,http://www.ngs.noaa.gov/cgi-bin/ds_mark.prl?PidBox=RL0767,RL0767,1277.4,46.5355555556,-89.0119444444,MI,ONTONAGON,S = SPIKE,30 = SET IN A LIGHT STRUCTURE,20040810,MARK NOT FOUND,USPSQD,389.397
20260103,http://www.ngs.noaa.gov/cgi-bin/ds_mark.prl?PidBox=SG0093,SG0093,1278,47.0108333333,-88.7497222222,MI,HOUGHTON,P = PIPE CAP,17 = SET INTO TOP OF METAL PIPE DRIVEN INTO GROUND,20050509,MARK NOT FOUND,GEOCAC,389.40
20260103,http://www.ngs.noaa.gov/cgi-bin/ds_mark.prl?PidBox=NF0070,NF0070,13,42.7233333333,-84.4777777778,MI,INGHAM,B = BOLT,7 = SET IN TOP OF CONCRETE MONUMENT,1989,GOOD,USPSQD,255.71
20260103,http://www.ngs.noaa.gov/cgi-bin/ds_mark.prl?PidBox=NE1543,NE1543,13,42.6334184833,-83.9911089139,MI,LIVINGSTON,DD = SURVEY DISK,7 = SET IN TOP OF CONCRETE MONUMENT,20090402,GOOD,WADTRI,292.516
20260103,http://www.ngs.noaa.gov/cgi-bin/ds_mark.prl?PidBox=AA6785,AA6785,13 1,42.2662413333,-83.3992686944,MI,WAYNE,DH = HORIZONTAL CONTROL DISK,7 = SET IN TOP OF CONCRETE MONUMENT,1994,MONUMENTED,WADTRI,202.1
20260103,http://www.ngs.noaa.gov/cgi-bin/ds_mark.prl?PidBox=AA6789,AA6789,13 2,42.2531677417,-83.3286240278,MI,WAYNE,DH = HORIZONTAL CONTROL DISK,7 = SET IN TOP OF CONCRETE MONUMENT,20011212,GOOD,INDIV,192.5
20260103,http://www.ngs.noaa.gov/cgi-bin/ds_mark.prl?PidBox=AA6793,AA6793,13 3,42.2258753167,-83.3858157472,MI,WAYNE,DH = HORIZONTAL CONTROL DISK,7 = SET IN TOP OF CONCRETE MONUMENT,20030402,GOOD,INDIV,197.8
20260103,http://www.ngs.noaa.gov/cgi-bin/ds_mark.prl?PidBox=AA6790,AA6790,13 4,42.1809449944,-83.3337050861,MI,WAYNE,DH = HORIZONTAL CONTROL DISK,7 = SET IN TOP OF CONCRETE MONUMENT,1994,MONUMENTED,WADTRI,190.2
20260103,http://www.ngs.noaa.gov/cgi-bin/ds_mark.prl?PidBox=RJ1249,RJ1249,13 C4W 065,46.4196880889,-84.2582915167,MI,CHIPPEWA,DS = TRIANGULATION STATION DISK,15 = METAL ROD DRIVEN INTO GROUND. SEE TEXT FOR ADDITIONAL INFORMATION.,1988,MONUMENTED,USACE,177.1
20260103,http://www.ngs.noaa.gov/cgi-bin/ds_mark.prl?PidBox=MC0303,MC0303,13 DTSRR,41.8544444444,-83.4313888889,MI,MONROE,DD = SURVEY DISK,36 = SET IN A MASSIVE STRUCTURE,20070823,POOR,WARNKE,179.148
20260103,http://www.ngs.noaa.gov/cgi-bin/ds_mark.prl?PidBox=NF1416,NF1416,13001,42.3911440944,-84.9665582083,MI,CALHOUN,DD = SURVEY DISK,7 = SET IN TOP OF CONCRETE MONUMENT,20050901,GOOD,INDIV,286.5
20260103,http://www.ngs.noaa.gov/cgi-bin/ds_mark.prl?PidBox=NF1417,NF1417,13001 MIDOT RM 1,42.3912551222,-84.9664625472,MI,CALHOUN,DD = SURVEY DISK,7 = SET IN TOP OF CONCRETE MONUMENT,20011124,GOOD,USPSQD,286.4
20260103,http://www.ngs.noaa.gov/cgi-bin/ds_mark.prl?PidBox=AA5420,AA5420,13061,42.7034445361,-83.4410264806,MI,OAKLAND,DD = SURVEY DISK,7 = SET IN TOP OF CONCRETE MONUMENT,20060105,MARK NOT FOUND,INDIV,312.0
20260103,http://www.ngs.noaa.gov/cgi-bin/ds_mark.prl?PidBox=MD1340,MD1340,131 1/2,41.9858333333,-85.8763888889,MI,CASS,DB = BENCH MARK DISK,7 = SET IN TOP OF CONCRETE MONUMENT,1977,MARK NOT FOUND,USGS,275.953
20260103,http://www.ngs.noaa.gov/cgi-bin/ds_mark.prl?PidBox=RL1356,RL1356,1331.4,46.6211111111,-89.5733333333,MI,ONTONAGON,Z = SEE DESCRIPTION,30 = SET IN A LIGHT STRUCTURE,20040803,MARK NOT FOUND,USPSQD,405.818
20260103,http://www.ngs.noaa.gov/cgi-bin/ds_mark.prl?PidBox=RJ0219,RJ0219,135,46.4044444444,-84.2063888889,MI,CHIPPEWA,Z = SEE DESCRIPTION,16 = (FASTENED TO) A METAL ROD WITH BASE PLATE BURIED/SCREWED INTO GROUND,1983,MARK NOT FOUND,NGS,186.504
20260103,http://www.ngs.noaa.gov/cgi-bin/ds_mark.prl?PidBox=RL1353,RL1353,1354.8,46.6025000000,-89.5733333333,MI,ONTONAGON,Z = SEE DESCRIPTION,30 = SET IN A LIGHT STRUCTURE,20040803,MARK NOT FOUND,USPSQD,412.964
20260103,http://www.ngs.noaa.gov/cgi-bin/ds_mark.prl?PidBox=RL1354,RL1354,1355.4,46.6063888889,-89.5730555556,MI,ONTONAGON,Z = SEE DESCRIPTION,30 = SET IN A LIGHT STRUCTURE,19950613,MARK NOT FOUND,USPSQD,413.136
20260103,http://www.ngs.noaa.gov/cgi-bin/ds_mark.prl?PidBox=DL3961,DL3961,13600,42.4217111111,-84.9367694444,MI,CALHOUN,DD = SURVEY DISK,7 = SET IN TOP OF CONCRETE MONUMENT,20080629,MONUMENTED,COLEM,275.906
