DATA_DATE,DATA_SRCE,PID,NAME,DEC_LAT,DEC_LON,STATE,COUNTY,MARKER,SETTING,LAST_RECV,LAST_COND,LAST_RECBY,ORTHO_HT
20260103,http://www.ngs.noaa.gov/cgi-bin/ds_mark.prl?PidBox=KZ2295,KZ2295,00 0018,40.4340978694,-83.0279101000,OH,MARION,DD = SURVEY DISK,7 = SET IN TOP OF CONCRETE MONUMENT,20140809,GOOD,GEOCAC,292.1
20260103,http://www.ngs.noaa.gov/cgi-bin/ds_mark.prl?PidBox=KZ2326,KZ2326,00 0049,40.2745866250,-82.7508576722,OH,LICKING,DE = TRAVERSE STATION DISK,7 = SET IN TOP OF CONCRETE MONUMENT,20100327,GOOD,GEOCAC,351.7
20260103,http://www.ngs.noaa.gov/cgi-bin/ds_mark.prl?PidBox=KZ2350,KZ2350,01 0073,40.2367033111,-82.8924329694,OH,DELAWARE,DD = SURVEY DISK,7 = SET IN TOP OF CONCRETE MONUMENT,20190704,GOOD,USPSQD,276.5
20260103,http://www.ngs.noaa.gov/cgi-bin/ds_mark.prl?PidBox=KZ2351,KZ2351,01 0074,40.2438762222,-82.8925731472,OH,DELAWARE,DD = SURVEY DISK,7 = SET IN TOP OF CONCRETE MONUMENT,20190704,GOOD,USPSQD,278.7
20260103,http://www.ngs.noaa.gov/cgi-bin/ds_mark.prl?PidBox=KZ2352,KZ2352,01 0075,40.2611310806,-82.8890099833,OH,DELAWARE,DD = SURVEY DISK,7 = SET IN TOP OF CONCRETE MONUMENT,20190704,GOOD,USPSQD,286.2
20260103,http://www.ngs.noaa.gov/cgi-bin/ds_mark.prl?PidBox=KZ2353,KZ2353,01 0076,40.2635806194,-82.8972310389,OH,DELAWARE,DD = SURVEY DISK,7 = SET IN TOP OF CONCRETE MONUMENT,20090221,GOOD,GEOCAC,281.1
20260103,http://www.ngs.noaa.gov/cgi-bin/ds_mark.prl?PidBox=KZ2354,KZ2354,01 0077,40.2190673389,-82.8697638528,OH,DELAWARE,DD = SURVEY DISK,7 = SET IN TOP OF CONCRETE MONUMENT,20090606,GOOD,GEOCAC,289.2
20260103,http://www.ngs.noaa.gov/cgi-bin/ds_mark.prl?PidBox=KZ2355,KZ2355,01 0078,40.2189732389,-82.8653471472,OH,DELAWARE,DD = SURVEY DISK,7 = SET IN TOP OF CONCRETE MONUMENT,20090606,GOOD,GEOCAC,294.0
20260103,http://www.ngs.noaa.gov/cgi-bin/ds_mark.prl?PidBox=KZ2356,KZ2356,01 0079,40.2632582361,-82.8569259806,OH,DELAWARE,DD = SURVEY DISK,7 = SET IN TOP OF CONCRETE MONUMENT,20090606,GOOD,GEOCAC,301.0
20260103,http://www.ngs.noaa.gov/cgi-bin/ds_mark.prl?PidBox=KZ2357,KZ2357,01 0080,40.2590220472,-82.8575713083,OH,DELAWARE,DD = SURVEY DISK,7 = SET IN TOP OF CONCRETE MONUMENT,20090606,MARK NOT FOUND,GEOCAC,301.3
20260103,http://www.ngs.noaa.gov/cgi-bin/ds_mark.prl?PidBox=DH6219,DH6219,01 101,39.3034049611,-82.2977075944,OH,VINTON,DD = SURVEY DISK,7 = SET IN TOP OF CONCRETE MONUMENT,20001220,MONUMENTED,LOCSUR,296.2
20260103,http://www.ngs.noaa.gov/cgi-bin/ds_mark.prl?PidBox=DH6221,DH6221,01 102,39.4350784861,-82.2833928694,OH,ATHENS,DD = SURVEY DISK,7 = SET IN TOP OF CONCRETE MONUMENT,20001220,MONUMENTED,CANTER,302.6
20260103,http://www.ngs.noaa.gov/cgi-bin/ds_mark.prl?PidBox=DH6222,DH6222,01 103,39.4697510417,-82.2492310278,OH,ATHENS,DD = SURVEY DISK,7 = SET IN TOP OF CONCRETE MONUMENT,20001220,MONUMENTED,CANTER,209.5
20260103,http://www.ngs.noaa.gov/cgi-bin/ds_mark.prl?PidBox=DQ7159,DQ7159,01 103,40.1397154278,-81.8791013167,OH,MUSKINGUM,DD = SURVEY DISK,7 = SET IN TOP OF CONCRETE MONUMENT,20170323,GOOD,OH-119,321.49
20260103,http://www.ngs.noaa.gov/cgi-bin/ds_mark.prl?PidBox=DH6223,DH6223,01 104,39.5126505111,-82.1138643528,OH,ATHENS,DD = SURVEY DISK,7 = SET IN TOP OF CONCRETE MONUMENT,20001220,MONUMENTED,CANTER,225.6
20260103,http://www.ngs.noaa.gov/cgi-bin/ds_mark.prl?PidBox=DH6224,DH6224,01 105,39.4639388444,-82.1703267972,OH,ATHENS,DD = SURVEY DISK,7 = SET IN TOP OF CONCRETE MONUMENT,20001220,MONUMENTED,CANTER,208.5
20260103,http://www.ngs.noaa.gov/cgi-bin/ds_mark.prl?PidBox=DH6220,DH6220,01 106,39.3278819972,-82.1771317611,OH,ATHENS,DD = SURVEY DISK,7 = SET IN TOP OF CONCRETE MONUMENT,20240130,GOOD,OHDT,239.3
20260103,http://www.ngs.noaa.gov/cgi-bin/ds_mark.prl?PidBox=DH6225,DH6225,01 107,39.2522855694,-82.1744318250,OH,ATHENS,DD = SURVEY DISK,7 = SET IN TOP OF CONCRETE MONUMENT,20240130,MARK NOT FOUND,OHDT,215.2
20260103,http://www.ngs.noaa.gov/cgi-bin/ds_mark.prl?PidBox=DH6226,DH6226,01 108,39.1974910722,-82.2652329528,OH,MEIGS,DD = SURVEY DISK,7 = SET IN TOP OF CONCRETE MONUMENT,20001220,MONUMENTED,LOCSUR,249.9
20260103,http://www.ngs.noaa.gov/cgi-bin/ds_mark.prl?PidBox=DH6227,DH6227,01 109,39.2034858056,-82.0910118556,OH,ATHENS,DD = SURVEY DISK,7 = SET IN TOP OF CONCRETE MONUMENT,20001220,MONUMENTED,CANTER,281.7
20260103,http://www.ngs.noaa.gov/cgi-bin/ds_mark.prl?PidBox=DH6228,DH6228,01 110,39.3004744583,-82.0977934889,OH,ATHENS,DD = SURVEY DISK,7 = SET IN TOP OF CONCRETE MONUMENT,20001220,MONUMENTED,CANTER,219.5
20260103,http://www.ngs.noaa.gov/cgi-bin/ds_mark.prl?PidBox=DH6230,DH6230,01 111,39.3771750556,-82.0943684500,OH,ATHENS,DD = SURVEY DISK,7 = SET IN TOP OF CONCRETE MONUMENT,20001220,MONUMENTED,CANTER,210.0
20260103,http://www.ngs.noaa.gov/cgi-bin/ds_mark.prl?PidBox=DH6231,DH6231,01 112,39.2474167722,-82.0210116389,OH,ATHENS,DD = SURVEY DISK,7 = SET IN TOP OF CONCRETE MONUMENT,20001220,MONUMENTED,CANTER,223.9
20260103,http://www.ngs.noaa.gov/cgi-bin/ds_mark.prl?PidBox=DH6229,DH6229,01 113,39.3038870222,-81.9476723861,OH,ATHENS,DD = SURVEY DISK,7 = SET IN TOP OF CONCRETE MONUMENT,20001220,MONUMENTED,CANTER,194.4
20260103,http://www.ngs.noaa.gov/cgi-bin/ds_mark.prl?PidBox=DH6232,DH6232,01 114,39.3491267111,-81.9676374111,OH,ATHENS,DD = SURVEY DISK,7 = SET IN TOP OF CONCRETE MONUMENT,20001220,MONUMENTED,CANTER,210.7
20260103,http://www.ngs.noaa.gov/cgi-bin/ds_mark.prl?PidBox=DH6233,DH6233,01 115,39.4034191944,-81.9596936611,OH,ATHENS,DD = SURVEY DISK,7 = SET IN TOP OF CONCRETE MONUMENT,20001220,MONUMENTED,CANTER,193.3
20260103,http://www.ngs.noaa.gov/cgi-bin/ds_mark.prl?PidBox=DH6234,DH6234,01 116,39.4467860222,-81.9452993167,OH,ATHENS,DD = SURVEY DISK,7 = SET IN TOP OF CONCRETE MONUMENT,20001222,MONUMENTED,CANTER,222.8
20260103,http://www.ngs.noaa.gov/cgi-bin/ds_mark.prl?PidBox=DH6235,DH6235,01 117,39.4487759194,-81.8434934389,OH,WASHINGTON,DD = SURVEY DISK,7 = SET IN TOP OF CONCRETE MONUMENT,20001220,MONUMENTED,LOCSUR,278.7
20260103,http://www.ngs.noaa.gov/cgi-bin/ds_mark.prl?PidBox=DH6236,DH6236,01 118,39.3830381528,-81.8503961444,OH,ATHENS,DD = SURVEY DISK,7 = SET IN TOP OF CONCRETE MONUMENT,20001220,MONUMENTED,CANTER,294.2
20260103,http://www.ngs.noaa.gov/cgi-bin/ds_mark.prl?PidBox=DH6237,DH6237,01 119,39.3013524556,-81.8163192472,OH,WASHINGTON,DD = SURVEY DISK,7 = SET IN TOP OF CONCRETE MONUMENT,20001220,MONUMENTED,LOCSUR,271.8
20260103,http://www.ngs.noaa.gov/cgi-bin/ds_mark.prl?PidBox=DH6238,DH6238,01 120,39.2470246444,-81.8493305278,OH,ATHENS,DD = SURVEY DISK,7 = SET IN TOP OF CONCRETE MONUMENT,20001220,MONUMENTED,CANTER,270.8
20260103,http://www.ngs.noaa.gov/cgi-bin/ds_mark.prl?PidBox=DH6239,DH6239,01 121,39.1879506472,-81.7496588806,OH,ATHENS,DD = SURVEY DISK,7 = SET IN TOP OF CONCRETE MONUMENT,20001220,MONUMENTED,CANTER,180.4
20260103,http://www.ngs.noaa.gov/cgi-bin/ds_mark.prl?PidBox=KZ2346,KZ2346,02 0069,40.2692872111,-83.0005934222,OH,DELAWARE,DD = SURVEY DISK,7 = SET IN TOP OF CONCRETE MONUMENT,20060311,POOR,USPSQD,289.5
20260103,http://www.ngs.noaa.gov/cgi-bin/ds_mark.prl?PidBox=KZ2347,KZ2347,02 0070,40.2735743944,-83.0002619417,OH,DELAWARE,DD = SURVEY DISK,7 = SET IN TOP OF CONCRETE MONUMENT,1991,MONUMENTED,WOOLPT,289.5
20260103,http://www.ngs.noaa.gov/cgi-bin/ds_mark.prl?PidBox=KZ2348,KZ2348,02 0071,40.2382232611,-82.9487823417,OH,DELAWARE,DD = SURVEY DISK,7 = SET IN TOP OF CONCRETE MONUMENT,20100328,GOOD,GEOCAC,287.5
20260103,http://www.ngs.noaa.gov/cgi-bin/ds_mark.prl?PidBox=KZ2349,KZ2349,02 0072,40.2380408778,-82.9404870500,OH,DELAWARE,DD = SURVEY DISK,7 = SET IN TOP OF CONCRETE MONUMENT,20100328,GOOD,GEOCAC,289.2
20260103,http://www.ngs.noaa.gov/cgi-bin/ds_mark.prl?PidBox=AD9905,AD9905,02G A,40.6706250917,-80.6466848611,OH,COLUMBIANA,DD = SURVEY DISK,17 = SET INTO TOP OF METAL PIPE DRIVEN INTO GROUND,20080914,MARK NOT FOUND,GEOCAC,348.27
20260103,http://www.ngs.noaa.gov/cgi-bin/ds_mark.prl?PidBox=KZ2310,KZ2310,03 0033,40.3308154889,-82.9805336528,OH,DELAWARE,DD = SURVEY DISK,7 = SET IN TOP OF CONCRETE MONUMENT,20050212,MARK NOT FOUND,USPSQD,288.2
20260103,http://www.ngs.noaa.gov/cgi-bin/ds_mark.prl?PidBox=KZ2311,KZ2311,03 0034,40.3311242167,-82.9882629639,OH,DELAWARE,DD = SURVEY DISK,7 = SET IN TOP OF CONCRETE MONUMENT,20050212,MARK NOT FOUND,USPSQD,288.6
20260103,http://www.ngs.noaa.gov/cgi-bin/ds_mark.prl?PidBox=KZ2312,KZ2312,03 0035,40.3563865417,-82.9339566694,OH,DELAWARE,DD = SURVEY DISK,7 = SET IN TOP OF CONCRETE MONUMENT,1991,MONUMENTED,WOOLPT,297.5
20260103,http://www.ngs.noaa.gov/cgi-bin/ds_mark.prl?PidBox=KZ2313,KZ2313,03 0036,40.3536847694,-82.9382971472,OH,DELAWARE,DD = SURVEY DISK,7 = SET IN TOP OF CONCRETE MONUMENT,20060311,GOOD,USPSQD,292.9
20260103,http://www.ngs.noaa.gov/cgi-bin/ds_mark.prl?PidBox=MB3095,MB3095,0361,41.3621018778,-81.3856430583,OH,GEAUGA,DD = SURVEY DISK,9 = POST (STONE OR PRECAST CONCRETE),20061125,GOOD,GEOCAC,309.8
20260103,http://www.ngs.noaa.gov/cgi-bin/ds_mark.prl?PidBox=KZ2362,KZ2362,04 0085,40.2449398583,-83.1774323278,OH,DELAWARE,DD = SURVEY DISK,7 = SET IN TOP OF CONCRETE MONUMENT,20060311,GOOD,USPSQD,282.0
20260103,http://www.ngs.noaa.gov/cgi-bin/ds_mark.prl?PidBox=KZ2363,KZ2363,04 0086,40.2393295889,-83.1769432194,OH,UNION,DE = TRAVERSE STATION DISK,7 = SET IN TOP OF CONCRETE MONUMENT,20060311,MARK NOT FOUND,USPSQD,283.5
20260103,http://www.ngs.noaa.gov/cgi-bin/ds_mark.prl?PidBox=KZ2364,KZ2364,04 0087,40.1498828611,-83.1699874583,OH,DELAWARE,DD = SURVEY DISK,7 = SET IN TOP OF CONCRETE MONUMENT,20060311,MARK NOT FOUND,USPSQD,304.2
20260103,http://www.ngs.noaa.gov/cgi-bin/ds_mark.prl?PidBox=KZ2365,KZ2365,04 0088,40.1469646194,-83.1644553639,OH,DELAWARE,DD = SURVEY DISK,7 = SET IN TOP OF CONCRETE MONUMENT,20060311,MARK NOT FOUND,USPSQD,298.5
20260103,http://www.ngs.noaa.gov/cgi-bin/ds_mark.prl?PidBox=KZ2366,KZ2366,04 0089,40.1974035944,-83.1340130222,OH,DELAWARE,DD = SURVEY DISK,7 = SET IN TOP OF CONCRETE MONUMENT,20060311,GOOD,USPSQD,271.5
20260103,http://www.ngs.noaa.gov/cgi-bin/ds_mark.prl?PidBox=KZ2367,KZ2367,04 0090,40.1970083389,-83.1277092722,OH,DELAWARE,DD = SURVEY DISK,7 = SET IN TOP OF CONCRETE MONUMENT,20060311,MARK NOT FOUND,USPSQD,275.9
20260103,http://www.ngs.noaa.gov/cgi-bin/ds_mark.prl?PidBox=AC8362,AC8362,04G A,41.1305318972,-80.6186003250,OH,MAHONING,F = FLANGE-ENCASED ROD,59 = STAINLESS STEEL ROD IN SLEEVE (10 FT.+),20090321,GOOD,GEOCAC,316.0
20260103,http://www.ngs.noaa.gov/cgi-bin/ds_mark.prl?PidBox=AC8361,AC8361,04G B,41.1344526778,-80.6183330361,OH,TRUMBULL,DD = SURVEY DISK,17 = SET INTO TOP OF METAL PIPE DRIVEN INTO GROUND,20090321,GOOD,GEOCAC,317.73
20260103,http://www.ngs.noaa.gov/cgi-bin/ds_mark.prl?PidBox=KZ2338,KZ2338,05 0061,40.3011179139,-83.1266234472,OH,DELAWARE,DD = SURVEY DISK,7 = SET IN TOP OF CONCRETE MONUMENT,1991,MONUMENTED,WOOLPT,291.8
20260103,http://www.ngs.noaa.gov/cgi-bin/ds_mark.prl?PidBox=KZ2340,KZ2340,05 0063,40.2767807722,-83.0802486250,OH,DELAWARE,DD = SURVEY DISK,7 = SET IN TOP OF CONCRETE MONUMENT,1991,MONUMENTED,WOOLPT,288.4
20260103,http://www.ngs.noaa.gov/cgi-bin/ds_mark.prl?PidBox=KZ2341,KZ2341,05 0064,40.2765323222,-83.0749117000,OH,DELAWARE,DD = SURVEY DISK,7 = SET IN TOP OF CONCRETE MONUMENT,1991,MONUMENTED,WOOLPT,279.5
20260103,http://www.ngs.noaa.gov/cgi-bin/ds_mark.prl?PidBox=KZ2342,KZ2342,05 0065,40.3149665833,-83.0386961528,OH,DELAWARE,DD = SURVEY DISK,7 = SET IN TOP OF CONCRETE MONUMENT,20191221,GOOD,USPSQD,287.0
20260103,http://www.ngs.noaa.gov/cgi-bin/ds_mark.prl?PidBox=KZ2343,KZ2343,05 0066,40.3134224333,-83.0461044556,OH,DELAWARE,DD = SURVEY DISK,7 = SET IN TOP OF CONCRETE MONUMENT,20100101,GOOD,GEOCAC,285.9
20260103,http://www.ngs.noaa.gov/cgi-bin/ds_mark.prl?PidBox=KZ2344,KZ2344,05 0067,40.2820352778,-83.0472623361,OH,DELAWARE,DD = SURVEY DISK,7 = SET IN TOP OF CONCRETE MONUMENT,20041205,GOOD,USPSQD,279.9
20260103,http://www.ngs.noaa.gov/cgi-bin/ds_mark.prl?PidBox=KZ2345,KZ2345,05 0068,40.2824213250,-83.0551439500,OH,DELAWARE,DD = SURVEY DISK,7 = SET IN TOP OF CONCRETE MONUMENT,20041205,GOOD,USPSQD,273.7
20260103,http://www.ngs.noaa.gov/cgi-bin/ds_mark.prl?PidBox=KZ2380,KZ2380,06 0103,40.1790426806,-82.8994709611,OH,DELAWARE,DD = SURVEY DISK,7 = SET IN TOP OF CONCRETE MONUMENT,20190704,GOOD,USPSQD,283.8
20260103,http://www.ngs.noaa.gov/cgi-bin/ds_mark.prl?PidBox=KZ2381,KZ2381,06 0104,40.1794958417,-82.9049333056,OH,DELAWARE,DD = SURVEY DISK,7 = SET IN TOP OF CONCRETE MONUMENT,20190704,GOOD,USPSQD,286.7
20260103,http://www.ngs.noaa.gov/cgi-bin/ds_mark.prl?PidBox=KZ2383,KZ2383,06 0106,40.1679621861,-82.8585456778,OH,DELAWARE,DD = SURVEY DISK,7 = SET IN TOP OF CONCRETE MONUMENT,20231026,MARK NOT FOUND,OHDT,289.4
20260103,http://www.ngs.noaa.gov/cgi-bin/ds_mark.prl?PidBox=DK8104,DK8104,06 101,40.0090452889,-82.0273982389,OH,MUSKINGUM,DD = SURVEY DISK,7 = SET IN TOP OF CONCRETE MONUMENT,20170308,GOOD,OH-119,237.75
20260103,http://www.ngs.noaa.gov/cgi-bin/ds_mark.prl?PidBox=DP1290,DP1290,06 102,40.0149882306,-82.0184655833,OH,MUSKINGUM,DD = SURVEY DISK,7 = SET IN TOP OF CONCRETE MONUMENT,20130816,GOOD,OH-119,273.0
20260103,http://www.ngs.noaa.gov/cgi-bin/ds_mark.prl?PidBox=DP1295,DP1295,06 103,40.0092598528,-81.9858952556,OH,MUSKINGUM,DD = SURVEY DISK,7 = SET IN TOP OF CONCRETE MONUMENT,20130820,GOOD,OH-119,226.3
20260103,http://www.ngs.noaa.gov/cgi-bin/ds_mark.prl?PidBox=KZ2382,KZ2382,07 0105,40.1678782417,-82.8534482944,OH,DELAWARE,DD = SURVEY DISK,7 = SET IN TOP OF CONCRETE MONUMENT,20060408,GOOD,GEOCAC,300.0
20260103,http://www.ngs.noaa.gov/cgi-bin/ds_mark.prl?PidBox=KZ2384,KZ2384,07 0107,40.1896015861,-82.7573617417,OH,DELAWARE,DD = SURVEY DISK,7 = SET IN TOP OF CONCRETE MONUMENT,20150128,GOOD,MCA,337.5
20260103,http://www.ngs.noaa.gov/cgi-bin/ds_mark.prl?PidBox=KZ2385,KZ2385,07 0108,40.1842752167,-82.7575997694,OH,DELAWARE,DD = SURVEY DISK,7 = SET IN TOP OF CONCRETE MONUMENT,20150128,GOOD,MCA,332.7
20260103,http://www.ngs.noaa.gov/cgi-bin/ds_mark.prl?PidBox=KZ2386,KZ2386,07 0109,40.1307333667,-82.7615363222,OH,DELAWARE,DD = SURVEY DISK,7 = SET IN TOP OF CONCRETE MONUMENT,20060806,GOOD,GEOCAC,341.3
20260103,http://www.ngs.noaa.gov/cgi-bin/ds_mark.prl?PidBox=KZ2387,KZ2387,07 0110,40.1307964917,-82.7660096444,OH,DELAWARE,DD = SURVEY DISK,7 = SET IN TOP OF CONCRETE MONUMENT,20060806,GOOD,GEOCAC,344.5
20260103,http://www.ngs.noaa.gov/cgi-bin/ds_mark.prl?PidBox=KZ2314,KZ2314,08 0037,40.3143166083,-82.9140036306,OH,DELAWARE,DD = SURVEY DISK,7 = SET IN TOP OF CONCRETE MONUMENT,20100814,GOOD,GEOCAC,302.8
20260103,http://www.ngs.noaa.gov/cgi-bin/ds_mark.prl?PidBox=KZ2315,KZ2315,08 0038,40.3218144083,-82.9154855306,OH,DELAWARE,DD = SURVEY DISK,7 = SET IN TOP OF CONCRETE MONUMENT,20100814,MARK NOT FOUND,GEOCAC,298.2
20260103,http://www.ngs.noaa.gov/cgi-bin/ds_mark.prl?PidBox=KZ2316,KZ2316,08 0039,40.3538966194,-82.8819388472,OH,DELAWARE,DD = SURVEY DISK,7 = SET IN TOP OF CONCRETE MONUMENT,20100814,MARK NOT FOUND,GEOCAC,305.4
20260103,http://www.ngs.noaa.gov/cgi-bin/ds_mark.prl?PidBox=KZ2317,KZ2317,08 0040,40.3483595806,-82.8795820389,OH,DELAWARE,DD = SURVEY DISK,7 = SET IN TOP OF CONCRETE MONUMENT,20100814,MARK NOT FOUND,GEOCAC,305.2
20260103,http://www.ngs.noaa.gov/cgi-bin/ds_mark.prl?PidBox=DP1298,DP1298,08 101,40.0144998778,-81.7786544944,OH,MUSKINGUM,DD = SURVEY DISK,7 = SET IN TOP OF CONCRETE MONUMENT,20130725,GOOD,OH-119,311.2
20260103,http://www.ngs.noaa.gov/cgi-bin/ds_mark.prl?PidBox=KZ2369,KZ2369,09 0092,40.2420615222,-83.0828125944,OH,DELAWARE,DD = SURVEY DISK,7 = SET IN TOP OF CONCRETE MONUMENT,20230912,MARK NOT FOUND,OHDT,283.5
20260103,http://www.ngs.noaa.gov/cgi-bin/ds_mark.prl?PidBox=KZ2370,KZ2370,09 0093,40.1955050694,-83.0860847167,OH,DELAWARE,DD = SURVEY DISK,7 = SET IN TOP OF CONCRETE MONUMENT,20121009,MARK NOT FOUND,FAMM,282.1
20260103,http://www.ngs.noaa.gov/cgi-bin/ds_mark.prl?PidBox=KZ2371,KZ2371,09 0094,40.1950423028,-83.0776372722,OH,DELAWARE,DD = SURVEY DISK,7 = SET IN TOP OF CONCRETE MONUMENT,20121009,MARK NOT FOUND,FAMM,278.9
20260103,http://www.ngs.noaa.gov/cgi-bin/ds_mark.prl?PidBox=KZ2372,KZ2372,09 0095,40.1942313500,-83.0497627333,OH,DELAWARE,DD = SURVEY DISK,7 = SET IN TOP OF CONCRETE MONUMENT,20060311,MARK NOT FOUND,USPSQD,242.4
20260103,http://www.ngs.noaa.gov/cgi-bin/ds_mark.prl?PidBox=KZ2373,KZ2373,09 0096,40.1947079389,-83.0450914111,OH,DELAWARE,DD = SURVEY DISK,7 = SET IN TOP OF CONCRETE MONUMENT,1991,MONUMENTED,WOOLPT,259.1
20260103,http://www.ngs.noaa.gov/cgi-bin/ds_mark.prl?PidBox=KZ2374,KZ2374,09 0097,40.1391512944,-83.0383685389,OH,DELAWARE,DD = SURVEY DISK,7 = SET IN TOP OF CONCRETE MONUMENT,20050212,GOOD,USPSQD,236.5
20260103,http://www.ngs.noaa.gov/cgi-bin/ds_mark.prl?PidBox=KZ2375,KZ2375,09 0098,40.1432670194,-83.0405651000,OH,DELAWARE,DD = SURVEY DISK,7 = SET IN TOP OF CONCRETE MONUMENT,20050212,GOOD,USPSQD,236.8
20260103,http://www.ngs.noaa.gov/cgi-bin/ds_mark.prl?PidBox=AC8951,AC8951,0G6 A,41.4652387528,-84.5145221722,OH,WILLIAMS,DD = SURVEY DISK,17 = SET INTO TOP OF METAL PIPE DRIVEN INTO GROUND,19960126,GOOD,NGS,222.13
20260103,http://www.ngs.noaa.gov/cgi-bin/ds_mark.prl?PidBox=MB1560,MB1560,1,41.5296111111,-81.6353888889,OH,CUYAHOGA,DD = SURVEY DISK,7 = SET IN TOP OF CONCRETE MONUMENT,20120612,GOOD,NGS,189.541
20260103,http://www.ngs.noaa.gov/cgi-bin/ds_mark.prl?PidBox=LA0166,LA0166,1,40.2852777778,-84.1563888889,OH,SHELBY,DD = SURVEY DISK,7 = SET IN TOP OF CONCRETE MONUMENT,19930629,GOOD,NGS,291.166
20260103,http://www.ngs.noaa.gov/cgi-bin/ds_mark.prl?PidBox=LA0495,LA0495,1,40.9476388889,-84.5818888889,OH,VAN WERT,B = BOLT,36 = SET IN A MASSIVE STRUCTURE,1947,GOOD,CGS,229.53
20260103,http://www.ngs.noaa.gov/cgi-bin/ds_mark.prl?PidBox=MB1253,MB1253,1,41.4775000000,-81.6691666667,OH,CUYAHOGA,X = CHISELED CROSS,30 = SET IN A LIGHT STRUCTURE,20110307,MARK NOT FOUND,USACE,179.083
20260103,http://www.ngs.noaa.gov/cgi-bin/ds_mark.prl?PidBox=KY1641,KY1641,1,40.9155555556,-81.6405555556,OH,SUMMIT,Q = CHISELED SQUARE,36 = SET IN A MASSIVE STRUCTURE,19991030,MARK NOT FOUND,USPSQD,290.014
20260103,http://www.ngs.noaa.gov/cgi-bin/ds_mark.prl?PidBox=JY0087,JY0087,1,39.9338888889,-82.0033333333,OH,MUSKINGUM,,,20171008,MARK NOT FOUND,USPSQD,212.870
20260103,http://www.ngs.noaa.gov/cgi-bin/ds_mark.prl?PidBox=JY0699,JY0699,1,39.9544444444,-82.9988888889,OH,FRANKLIN,Q = CHISELED SQUARE,31 = SET IN A PAVEMENT SUCH AS STREET SIDEWALK CURB ETC.,20070512,MARK NOT FOUND,GEOCAC,235.026
20260103,http://www.ngs.noaa.gov/cgi-bin/ds_mark.prl?PidBox=KY1670,KY1670,1,40.7961111111,-81.5205555556,OH,STARK,X = CHISELED CROSS,31 = SET IN A PAVEMENT SUCH AS STREET SIDEWALK CURB ETC.,19930413,MARK NOT FOUND,OHDT,289.432
20260103,http://www.ngs.noaa.gov/cgi-bin/ds_mark.prl?PidBox=KY2906,KY2906,1,40.9947222222,-81.4619444444,OH,SUMMIT,DD = SURVEY DISK,38 = SET IN THE ABUTMENT OR PIER OF A LARGE BRIDGE,20070311,MARK NOT FOUND,USPSQD,319.491
20260103,http://www.ngs.noaa.gov/cgi-bin/ds_mark.prl?PidBox=KY3510,KY3510,1,40.8133232278,-81.9344561667,OH,WAYNE,DD = SURVEY DISK,9 = POST (STONE OR PRECAST CONCRETE),20150321,MARK NOT FOUND,GEOCAC,337.
20260103,http://www.ngs.noaa.gov/cgi-bin/ds_mark.prl?PidBox=AB2430,AB2430,1,39.2080050667,-82.2561277222,OH,ATHENS,DD = SURVEY DISK,17 = SET INTO TOP OF METAL PIPE DRIVEN INTO GROUND,1995,MONUMENTED,GEOONE,231.8
20260103,http://www.ngs.noaa.gov/cgi-bin/ds_mark.prl?PidBox=AC6877,AC6877,1,40.0926519611,-80.9066338361,OH,BELMONT,DD = SURVEY DISK,7 = SET IN TOP OF CONCRETE MONUMENT,20241213,GOOD,USPSQD,332.3
20260103,http://www.ngs.noaa.gov/cgi-bin/ds_mark.prl?PidBox=AI6740,AI6740,1,39.5711371778,-83.9804424222,OH,GREENE,DD = SURVEY DISK,7 = SET IN TOP OF CONCRETE MONUMENT,1999,MONUMENTED,WOOLPT,281.9
20260103,http://www.ngs.noaa.gov/cgi-bin/ds_mark.prl?PidBox=MB3148,MB3148,1 C CC COR 11,41.2750391417,-81.8780546306,OH,CUYAHOGA,V = STONE MONUMENT,0 = UNSPECIFIED SETTING,20070325,GOOD,USPSQD,286.5
20260103,http://www.ngs.noaa.gov/cgi-bin/ds_mark.prl?PidBox=HY1952,HY1952,1 CWA,38.8680555556,-83.8058333333,OH,BROWN,DD = SURVEY DISK,32 = SET IN A RETAINING WALL OR CONCRETE LEDGE,1935,GOOD,CGS,280.987
20260103,http://www.ngs.noaa.gov/cgi-bin/ds_mark.prl?PidBox=JX0535,JX0535,1 OHIO RIVER CROSSING,39.7702777778,-80.8677777778,OH,MONROE,DB = BENCH MARK DISK,7 = SET IN TOP OF CONCRETE MONUMENT,1934,MONUMENTED,CGS,189.49
20260103,http://www.ngs.noaa.gov/cgi-bin/ds_mark.prl?PidBox=JZ0306,JZ0306,1.40,39.2697222222,-84.2350000000,OH,WARREN,Q = CHISELED SQUARE,30 = SET IN A LIGHT STRUCTURE,1935,GOOD,CGS,190.600
20260103,http://www.ngs.noaa.gov/cgi-bin/ds_mark.prl?PidBox=MC0740,MC0740,10,41.7272222222,-83.5244444444,OH,LUCAS,DD = SURVEY DISK,7 = SET IN TOP OF CONCRETE MONUMENT,19890126,MARK NOT FOUND,USPSQD,180.331
20260103,http://www.ngs.noaa.gov/cgi-bin/ds_mark.prl?PidBox=AB2439,AB2439,10,39.2953856528,-82.2747860972,OH,ATHENS,DD = SURVEY DISK,17 = SET INTO TOP OF METAL PIPE DRIVEN INTO GROUND,1995,MONUMENTED,GEOONE,278.9
20260103,http://www.ngs.noaa.gov/cgi-bin/ds_mark.prl?PidBox=AC6886,AC6886,10,40.0712049917,-80.9286568778,OH,BELMONT,DD = SURVEY DISK,7 = SET IN TOP OF CONCRETE MONUMENT,20160807,MARK NOT FOUND,GEOCAC,354.9
20260103,http://www.ngs.noaa.gov/cgi-bin/ds_mark.prl?PidBox=AI6749,AI6749,10,39.2535104500,-83.8982934833,OH,CLINTON,DD = SURVEY DISK,7 = SET IN TOP OF CONCRETE MONUMENT,2000,GOOD,NGS,302.2
20260103,http://www.ngs.noaa.gov/cgi-bin/ds_mark.prl?PidBox=KZ2292,KZ2292,10 0015,40.4336853694,-83.0689273972,OH,DELAWARE,DD = SURVEY DISK,7 = SET IN TOP OF CONCRETE MONUMENT,20221116,GOOD,OHDNR,288.2
20260103,http://www.ngs.noaa.gov/cgi-bin/ds_mark.prl?PidBox=KZ2293,KZ2293,10 0016,40.4340054194,-83.0750468500,OH,DELAWARE,DD = SURVEY DISK,7 = SET IN TOP OF CONCRETE MONUMENT,20140809,MARK NOT FOUND,GEOCAC,290.1
20260103,http://www.ngs.noaa.gov/cgi-bin/ds_mark.prl?PidBox=KZ2294,KZ2294,10 0017,40.4337728278,-83.0211383750,OH,DELAWARE,DD = SURVEY DISK,7 = SET IN TOP OF CONCRETE MONUMENT,20140809,GOOD,GEOCAC,291.7
20260103,http://www.ngs.noaa.gov/cgi-bin/ds_mark.prl?PidBox=AJ2013,AJ2013,10 1,40.2133192583,-83.3065504861,OH,UNION,DD = SURVEY DISK,7 = SET IN TOP OF CONCRETE MONUMENT,20000705,MONUMENTED,WOOLPT,296.0
20260103,http://www.ngs.noaa.gov/cgi-bin/ds_mark.prl?PidBox=AJ2039,AJ2039,10 1 AZ MK,40.2156786667,-83.3094216000,OH,UNION,DD = SURVEY DISK,7 = SET IN TOP OF CONCRETE MONUMENT,20000705,MONUMENTED,WOOLPT,297.6
20260103,http://www.ngs.noaa.gov/cgi-bin/ds_mark.prl?PidBox=KY3608,KY3608,10 3,40.6924074833,-80.9643041444,OH,CARROLL,DD = SURVEY DISK,7 = SET IN TOP OF CONCRETE MONUMENT,20080119,GOOD,GEOCAC,379.3
20260103,http://www.ngs.noaa.gov/cgi-bin/ds_mark.prl?PidBox=MB3149,MB3149,10 BU,41.3886575917,-81.7639903889,OH,CUYAHOGA,I = METAL ROD,4 = OBJECT SURROUNDED BY MASS OF CONCRETE,20070325,GOOD,USPSQD,258.5
20260103,http://www.ngs.noaa.gov/cgi-bin/ds_mark.prl?PidBox=MB3150,MB3150,10 CD,41.3638744556,-81.7597478333,OH,CUYAHOGA,I = METAL ROD,4 = OBJECT SURROUNDED BY MASS OF CONCRETE,20070325,GOOD,USPSQD,269.7
20260103,http://www.ngs.noaa.gov/cgi-bin/ds_mark.prl?PidBox=HZ0017,HZ0017,100+00,38.9313888889,-84.0022222222,OH,BROWN,DD = SURVEY DISK,7 = SET IN TOP OF CONCRETE MONUMENT,1968,MARK NOT FOUND,CGS,288.04
20260103,http://www.ngs.noaa.gov/cgi-bin/ds_mark.prl?PidBox=JY1032,JY1032,1000,39.0608333333,-83.7533333333,OH,HIGHLAND,P = PIPE CAP,17 = SET INTO TOP OF METAL PIPE DRIVEN INTO GROUND,1934,GOOD,CGS,304.631
20260103,http://www.ngs.noaa.gov/cgi-bin/ds_mark.prl?PidBox=JZ0731,JZ0731,1000,39.1338888889,-84.6219444444,OH,HAMILTON,DD = SURVEY DISK,7 = SET IN TOP OF CONCRETE MONUMENT,1947,GOOD,CGS,246.905
20260103,http://www.ngs.noaa.gov/cgi-bin/ds_mark.prl?PidBox=LA0126,LA0126,1001,40.2716900500,-84.2732554667,OH,SHELBY,DB = BENCH MARK DISK,38 = SET IN THE ABUTMENT OR PIER OF A LARGE BRIDGE,20030806,GOOD,WOOLPT,305.406
20260103,http://www.ngs.noaa.gov/cgi-bin/ds_mark.prl?PidBox=JZ0732,JZ0732,1001,39.1344444444,-84.6275000000,OH,HAMILTON,DD = SURVEY DISK,7 = SET IN TOP OF CONCRETE MONUMENT,1947,GOOD,CGS,251.493
20260103,http://www.ngs.noaa.gov/cgi-bin/ds_mark.prl?PidBox=AA6389,AA6389,1001,39.3131950056,-84.6321914417,OH,BUTLER,DD = SURVEY DISK,7 = SET IN TOP OF CONCRETE MONUMENT,1990,MONUMENTED,WOOLPT,172.2
20260103,http://www.ngs.noaa.gov/cgi-bin/ds_mark.prl?PidBox=KY1946,KY1946,1001.00,40.7294444444,-81.6377777778,OH,STARK,DD = SURVEY DISK,36 = SET IN A MASSIVE STRUCTURE,20100130,MARK NOT FOUND,GEOCAC,304.928
20260103,http://www.ngs.noaa.gov/cgi-bin/ds_mark.prl?PidBox=KY1685,KY1685,1001.30,40.7038888889,-81.5816666667,OH,STARK,DD = SURVEY DISK,36 = SET IN A MASSIVE STRUCTURE,20100130,MARK NOT FOUND,GEOCAC,304.968
20260103,http://www.ngs.noaa.gov/cgi-bin/ds_mark.prl?PidBox=JZ0735,JZ0735,1002,39.1341666667,-84.6497222222,OH,HAMILTON,DD = SURVEY DISK,7 = SET IN TOP OF CONCRETE MONUMENT,1947,GOOD,CGS,224.546
20260103,http://www.ngs.noaa.gov/cgi-bin/ds_mark.prl?PidBox=AA6388,AA6388,1002,39.3062758611,-84.6455426611,OH,BUTLER,DD = SURVEY DISK,7 = SET IN TOP OF CONCRETE MONUMENT,1990,MONUMENTED,WOOLPT,167.4
20260103,http://www.ngs.noaa.gov/cgi-bin/ds_mark.prl?PidBox=JZ0739,JZ0739,1003,39.1241666667,-84.6713888889,OH,HAMILTON,DE = TRAVERSE STATION DISK,7 = SET IN TOP OF CONCRETE MONUMENT,1947,GOOD,CGS,163.807
20260103,http://www.ngs.noaa.gov/cgi-bin/ds_mark.prl?PidBox=AA6390,AA6390,1003,39.3049395833,-84.7036651750,OH,BUTLER,DD = SURVEY DISK,7 = SET IN TOP OF CONCRETE MONUMENT,1990,MONUMENTED,WOOLPT,176.6
20260103,http://www.ngs.noaa.gov/cgi-bin/ds_mark.prl?PidBox=JZ0740,JZ0740,1004,39.1241388889,-84.6742777778,OH,HAMILTON,DE = TRAVERSE STATION DISK,7 = SET IN TOP OF CONCRETE MONUMENT,1947,GOOD,CGS,161.793
20260103,http://www.ngs.noaa.gov/cgi-bin/ds_mark.prl?PidBox=AA6383,AA6383,1004,39.3912255111,-84.7048401583,OH,BUTLER,DD = SURVEY DISK,7 = SET IN TOP OF CONCRETE MONUMENT,1990,MONUMENTED,WOOLPT,242.9
20260103,http://www.ngs.noaa.gov/cgi-bin/ds_mark.prl?PidBox=JZ0742,JZ0742,1005,39.1272222222,-84.6944444444,OH,HAMILTON,DE = TRAVERSE STATION DISK,7 = SET IN TOP OF CONCRETE MONUMENT,1947,GOOD,CGS,162.170
20260103,http://www.ngs.noaa.gov/cgi-bin/ds_mark.prl?PidBox=AA6386,AA6386,1005,39.3916566722,-84.5900530056,OH,BUTLER,DD = SURVEY DISK,7 = SET IN TOP OF CONCRETE MONUMENT,1990,MONUMENTED,WOOLPT,222.2
20260103,http://www.ngs.noaa.gov/cgi-bin/ds_mark.prl?PidBox=LA0273,LA0273,1006,40.2113888889,-84.6400000000,OH,DARKE,DB = BENCH MARK DISK,36 = SET IN A MASSIVE STRUCTURE,1934,GOOD,CGS,306.390
20260103,http://www.ngs.noaa.gov/cgi-bin/ds_mark.prl?PidBox=JZ0743,JZ0743,1006,39.1297222222,-84.6983333333,OH,HAMILTON,DE = TRAVERSE STATION DISK,7 = SET IN TOP OF CONCRETE MONUMENT,1947,GOOD,CGS,148.759
20260103,http://www.ngs.noaa.gov/cgi-bin/ds_mark.prl?PidBox=AA6387,AA6387,1006,39.3551632139,-84.5926476028,OH,BUTLER,DD = SURVEY DISK,7 = SET IN TOP OF CONCRETE MONUMENT,1990,MONUMENTED,WOOLPT,172.7
20260103,http://www.ngs.noaa.gov/cgi-bin/ds_mark.prl?PidBox=KZ1552,KZ1552,1007,40.0072222222,-83.4147222222,OH,MADISON,DD = SURVEY DISK,7 = SET IN TOP OF CONCRETE MONUMENT,1959,MARK NOT FOUND,CGS,306.956
20260103,http://www.ngs.noaa.gov/cgi-bin/ds_mark.prl?PidBox=JZ0758,JZ0758,1007,39.1555555556,-84.6066666667,OH,HAMILTON,DE = TRAVERSE STATION DISK,7 = SET IN TOP OF CONCRETE MONUMENT,20040124,MARK NOT FOUND,GEOCAC,278.493
20260103,http://www.ngs.noaa.gov/cgi-bin/ds_mark.prl?PidBox=AA6391,AA6391,1007,39.3748046250,-84.4785330167,OH,BUTLER,DD = SURVEY DISK,7 = SET IN TOP OF CONCRETE MONUMENT,1989,MONUMENTED,WOOLPT,219.8
20260103,http://www.ngs.noaa.gov/cgi-bin/ds_mark.prl?PidBox=JZ0752,JZ0752,1008,39.1105555556,-84.6166666667,OH,HAMILTON,DE = TRAVERSE STATION DISK,7 = SET IN TOP OF CONCRETE MONUMENT,1947,GOOD,CGS,251.916
20260103,http://www.ngs.noaa.gov/cgi-bin/ds_mark.prl?PidBox=AA6393,AA6393,1008,39.4342766250,-84.4740946028,OH,BUTLER,DD = SURVEY DISK,7 = SET IN TOP OF CONCRETE MONUMENT,20230912,MARK NOT FOUND,OHDT,187.7
20260103,http://www.ngs.noaa.gov/cgi-bin/ds_mark.prl?PidBox=JZ0681,JZ0681,1009,39.0913888889,-84.5625000000,OH,HAMILTON,DE = TRAVERSE STATION DISK,7 = SET IN TOP OF CONCRETE MONUMENT,1986,MARK NOT FOUND,NGS,153.904
20260103,http://www.ngs.noaa.gov/cgi-bin/ds_mark.prl?PidBox=KZ1667,KZ1667,1009,40.3116666667,-83.9169444444,OH,LOGAN,P = PIPE CAP,17 = SET INTO TOP OF METAL PIPE DRIVEN INTO GROUND,1935,GOOD,CGS,307.170
20260103,http://www.ngs.noaa.gov/cgi-bin/ds_mark.prl?PidBox=AA6385,AA6385,1009,39.4805391750,-84.4773523417,OH,BUTLER,DD = SURVEY DISK,7 = SET IN TOP OF CONCRETE MONUMENT,20230912,MARK NOT FOUND,OHDT,201.1
20260103,http://www.ngs.noaa.gov/cgi-bin/ds_mark.prl?PidBox=KZ1668,KZ1668,1009 RESET,40.3116666667,-83.9169444444,OH,LOGAN,DD = SURVEY DISK,7 = SET IN TOP OF CONCRETE MONUMENT,19760729,MARK NOT FOUND,LOCENG,306.59
20260103,http://www.ngs.noaa.gov/cgi-bin/ds_mark.prl?PidBox=JZ0685,JZ0685,1010,39.0861111111,-84.5766666667,OH,HAMILTON,DE = TRAVERSE STATION DISK,7 = SET IN TOP OF CONCRETE MONUMENT,1961,MARK NOT FOUND,USGS,162.956
20260103,http://www.ngs.noaa.gov/cgi-bin/ds_mark.prl?PidBox=AA6392,AA6392,1010,39.4790669250,-84.5935404583,OH,BUTLER,DD = SURVEY DISK,7 = SET IN TOP OF CONCRETE MONUMENT,20141125,GOOD,WOOLPT,214.2
20260103,http://www.ngs.noaa.gov/cgi-bin/ds_mark.prl?PidBox=KZ1532,KZ1532,1011,40.2238888889,-83.3713888889,OH,UNION,Q = CHISELED SQUARE,30 = SET IN A LIGHT STRUCTURE,1934,GOOD,CGS,308.022
20260103,http://www.ngs.noaa.gov/cgi-bin/ds_mark.prl?PidBox=JZ0688,JZ0688,1011,39.0780555556,-84.5986111111,OH,HAMILTON,DE = TRAVERSE STATION DISK,7 = SET IN TOP OF CONCRETE MONUMENT,1961,MARK NOT FOUND,USGS,151.559
20260103,http://www.ngs.noaa.gov/cgi-bin/ds_mark.prl?PidBox=KZ0836,KZ0836,1011,40.4186111111,-82.5033333333,OH,KNOX,Q = CHISELED SQUARE,36 = SET IN A MASSIVE STRUCTURE,1934,GOOD,CGS,307.816
20260103,http://www.ngs.noaa.gov/cgi-bin/ds_mark.prl?PidBox=JZ1354,JZ1354,1011,39.6261111111,-84.6877777778,OH,PREBLE,DB = BENCH MARK DISK,36 = SET IN A MASSIVE STRUCTURE,1947,GOOD,CGS,307.852
20260103,http://www.ngs.noaa.gov/cgi-bin/ds_mark.prl?PidBox=AA6384,AA6384,1011,39.4738792500,-84.7026171083,OH,BUTLER,DD = SURVEY DISK,7 = SET IN TOP OF CONCRETE MONUMENT,1990,MONUMENTED,WOOLPT,261.4
20260103,http://www.ngs.noaa.gov/cgi-bin/ds_mark.prl?PidBox=DG7163,DG7163,1011,41.3224335583,-82.6313412500,OH,ERIE,DB = BENCH MARK DISK,7 = SET IN TOP OF CONCRETE MONUMENT,20250426,GOOD,USPSQD,200.5
20260103,http://www.ngs.noaa.gov/cgi-bin/ds_mark.prl?PidBox=MB0871,MB0871,1012,41.0994444444,-80.7922222222,OH,MAHONING,DD = SURVEY DISK,36 = SET IN A MASSIVE STRUCTURE,20060211,MARK NOT FOUND,GEOCAC,308.377
20260103,http://www.ngs.noaa.gov/cgi-bin/ds_mark.prl?PidBox=JZ0745,JZ0745,1012,39.0769444444,-84.6238888889,OH,HAMILTON,DE = TRAVERSE STATION DISK,9 = POST (STONE OR PRECAST CONCRETE),20060527,GOOD,GEOCAC,149.306
20260103,http://www.ngs.noaa.gov/cgi-bin/ds_mark.prl?PidBox=KZ1028,KZ1028,1012,40.9902777778,-82.6702777778,OH,RICHLAND,P = PIPE CAP,17 = SET INTO TOP OF METAL PIPE DRIVEN INTO GROUND,1970,GOOD,NGS,308.257
20260103,http://www.ngs.noaa.gov/cgi-bin/ds_mark.prl?PidBox=MB0872,MB0872,1012 RESET,41.0994444444,-80.7922222222,OH,MAHONING,DD = SURVEY DISK,7 = SET IN TOP OF CONCRETE MONUMENT,20060310,MARK NOT FOUND,GEOCAC,306.41
20260103,http://www.ngs.noaa.gov/cgi-bin/ds_mark.prl?PidBox=JZ0693,JZ0693,1013,39.1022222222,-84.6805555556,OH,HAMILTON,DE = TRAVERSE STATION DISK,9 = POST (STONE OR PRECAST CONCRETE),1986,MARK NOT FOUND,NGS,149.764
20260103,http://www.ngs.noaa.gov/cgi-bin/ds_mark.prl?PidBox=KZ1109,KZ1109,1014,40.5005555556,-82.8961111111,OH,MORROW,P = PIPE CAP,17 = SET INTO TOP OF METAL PIPE DRIVEN INTO GROUND,1967,GOOD,CGS,308.621
20260103,http://www.ngs.noaa.gov/cgi-bin/ds_mark.prl?PidBox=JZ0744,JZ0744,1014,39.1372222222,-84.7100000000,OH,HAMILTON,DE = TRAVERSE STATION DISK,9 = POST (STONE OR PRECAST CONCRETE),1947,GOOD,CGS,148.649
20260103,http://www.ngs.noaa.gov/cgi-bin/ds_mark.prl?PidBox=JY1161,JY1161,1015,39.5008333333,-83.5719444444,OH,FAYETTE,Z = SEE DESCRIPTION,0 = UNSPECIFIED SETTING,1935,GOOD,CGS,309.186
20260103,http://www.ngs.noaa.gov/cgi-bin/ds_mark.prl?PidBox=JZ0699,JZ0699,1015,39.1383333333,-84.7125000000,OH,HAMILTON,DE = TRAVERSE STATION DISK,31 = SET IN A PAVEMENT SUCH AS STREET SIDEWALK CURB ETC.,1986,MARK NOT FOUND,NGS,148.926
20260103,http://www.ngs.noaa.gov/cgi-bin/ds_mark.prl?PidBox=JZ0729,JZ0729,1016,39.1386111111,-84.6136111111,OH,HAMILTON,DE = TRAVERSE STATION DISK,9 = POST (STONE OR PRECAST CONCRETE),20040124,MARK NOT FOUND,GEOCAC,257.449
20260103,http://www.ngs.noaa.gov/cgi-bin/ds_mark.prl?PidBox=MB0582,MB0582,1017,41.0994444444,-80.8669444444,OH,MAHONING,DB = BENCH MARK DISK,9 = POST (STONE OR PRECAST CONCRETE),20060419,MARK NOT FOUND,GEOCAC,309.895
20260103,http://www.ngs.noaa.gov/cgi-bin/ds_mark.prl?PidBox=JZ0751,JZ0751,1017,39.1069444444,-84.6169444444,OH,HAMILTON,DE = TRAVERSE STATION DISK,9 = POST (STONE OR PRECAST CONCRETE),1947,GOOD,CGS,274.842
20260103,http://www.ngs.noaa.gov/cgi-bin/ds_mark.prl?PidBox=JZ0747,JZ0747,1018,39.0936111111,-84.6183333333,OH,HAMILTON,DE = TRAVERSE STATION DISK,9 = POST (STONE OR PRECAST CONCRETE),1947,GOOD,CGS,258.150
20260103,http://www.ngs.noaa.gov/cgi-bin/ds_mark.prl?PidBox=JZ0754,JZ0754,1019,39.1280555556,-84.6152777778,OH,HAMILTON,DE = TRAVERSE STATION DISK,9 = POST (STONE OR PRECAST CONCRETE),1947,GOOD,CGS,267.846
20260103,http://www.ngs.noaa.gov/cgi-bin/ds_mark.prl?PidBox=KY1791,KY1791,1019.42,40.6710555556,-81.6198611111,OH,STARK,DD = SURVEY DISK,32 = SET IN A RETAINING WALL OR CONCRETE LEDGE,20231107,GOOD,USPSQD,310.518
20260103,http://www.ngs.noaa.gov/cgi-bin/ds_mark.prl?PidBox=MB0788,MB0788,1020,41.0219583333,-80.6103500000,OH,MAHONING,DB = BENCH MARK DISK,36 = SET IN A MASSIVE STRUCTURE,20060210,POOR,GEOCAC,310.718
20260103,http://www.ngs.noaa.gov/cgi-bin/ds_mark.prl?PidBox=JZ0761,JZ0761,1020,39.1616666667,-84.6058333333,OH,HAMILTON,DE = TRAVERSE STATION DISK,9 = POST (STONE OR PRECAST CONCRETE),20040124,MARK NOT FOUND,GEOCAC,287.077
20260103,http://www.ngs.noaa.gov/cgi-bin/ds_mark.prl?PidBox=JZ0762,JZ0762,1021,39.1711000000,-84.6015611111,OH,HAMILTON,DE = TRAVERSE STATION DISK,7 = SET IN TOP OF CONCRETE MONUMENT,20201028,GOOD,BASE9,280.942
20260103,http://www.ngs.noaa.gov/cgi-bin/ds_mark.prl?PidBox=JY1071,JY1071,1021,39.3433333333,-83.5500000000,OH,HIGHLAND,P = PIPE CAP,17 = SET INTO TOP OF METAL PIPE DRIVEN INTO GROUND,1984,GOOD,NGS,311.350
20260103,http://www.ngs.noaa.gov/cgi-bin/ds_mark.prl?PidBox=JZ0874,JZ0874,1021,39.4497777778,-84.8165000000,OH,BUTLER,P = PIPE CAP,17 = SET INTO TOP OF METAL PIPE DRIVEN INTO GROUND,1947,GOOD,CGS,311.045
20260103,http://www.ngs.noaa.gov/cgi-bin/ds_mark.prl?PidBox=JZ0763,JZ0763,1022,39.1847222222,-84.6038888889,OH,HAMILTON,DE = TRAVERSE STATION DISK,9 = POST (STONE OR PRECAST CONCRETE),1966,MARK NOT FOUND,CGS,285.289
20260103,http://www.ngs.noaa.gov/cgi-bin/ds_mark.prl?PidBox=KZ1533,KZ1533,1022,40.2094444444,-83.3769444444,OH,UNION,DD = SURVEY DISK,7 = SET IN TOP OF CONCRETE MONUMENT,1935,GOOD,CGS,310.778
20260103,http://www.ngs.noaa.gov/cgi-bin/ds_mark.prl?PidBox=JZ0769,JZ0769,1023,39.1894444444,-84.5861111111,OH,HAMILTON,DE = TRAVERSE STATION DISK,9 = POST (STONE OR PRECAST CONCRETE),1966,MARK NOT FOUND,CGS,276.252
20260103,http://www.ngs.noaa.gov/cgi-bin/ds_mark.prl?PidBox=JY1141,JY1141,1024,39.6684754889,-83.8115345972,OH,GREENE,P = PIPE CAP,17 = SET INTO TOP OF METAL PIPE DRIVEN INTO GROUND,20000421,GOOD,WOOLPT,312.111
20260103,http://www.ngs.noaa.gov/cgi-bin/ds_mark.prl?PidBox=JZ0770,JZ0770,1024,39.1894444444,-84.5805555556,OH,HAMILTON,DE = TRAVERSE STATION DISK,32 = SET IN A RETAINING WALL OR CONCRETE LEDGE,1966,MARK NOT FOUND,CGS,279.689
20260103,http://www.ngs.noaa.gov/cgi-bin/ds_mark.prl?PidBox=KY1780,KY1780,1024,40.6558333333,-81.6338888889,OH,STARK,P = PIPE CAP,17 = SET INTO TOP OF METAL PIPE DRIVEN INTO GROUND,20100130,MARK NOT FOUND,GEOCAC,311.721
20260103,http://www.ngs.noaa.gov/cgi-bin/ds_mark.prl?PidBox=JY1763,JY1763,1024 AZ MK,39.6719818139,-83.8087152750,OH,GREENE,DD = SURVEY DISK,4 = OBJECT SURROUNDED BY MASS OF CONCRETE,19920807,GOOD,,312.5
20260103,http://www.ngs.noaa.gov/cgi-bin/ds_mark.prl?PidBox=LA0122,LA0122,1026,40.2730555556,-84.2072222222,OH,SHELBY,DD = SURVEY DISK,36 = SET IN A MASSIVE STRUCTURE,1934,GOOD,CGS,312.573
20260103,http://www.ngs.noaa.gov/cgi-bin/ds_mark.prl?PidBox=JZ0771,JZ0771,1026,39.1908333333,-84.5711111111,OH,HAMILTON,DE = TRAVERSE STATION DISK,9 = POST (STONE OR PRECAST CONCRETE),19900420,GOOD,WOOLPT,291.279
20260103,http://www.ngs.noaa.gov/cgi-bin/ds_mark.prl?PidBox=MB1286,MB1286,1027,41.0805555556,-81.5161111111,OH,SUMMIT,DB = BENCH MARK DISK,30 = SET IN A LIGHT STRUCTURE,20060131,MARK NOT FOUND,GEOCAC,312.895
20260103,http://www.ngs.noaa.gov/cgi-bin/ds_mark.prl?PidBox=JZ0775,JZ0775,1027,39.2008333333,-84.5633333333,OH,HAMILTON,DE = TRAVERSE STATION DISK,9 = POST (STONE OR PRECAST CONCRETE),20170627,MARK NOT FOUND,BASE9,281.448
20260103,http://www.ngs.noaa.gov/cgi-bin/ds_mark.prl?PidBox=JZ0798,JZ0798,1029,39.1761111111,-84.5194444444,OH,HAMILTON,DE = TRAVERSE STATION DISK,9 = POST (STONE OR PRECAST CONCRETE),1947,GOOD,CGS,180.792
20260103,http://www.ngs.noaa.gov/cgi-bin/ds_mark.prl?PidBox=MB2748,MB2748,103 050 1,41.1737147472,-81.3923098944,OH,PORTAGE,DD = SURVEY DISK,7 = SET IN TOP OF CONCRETE MONUMENT,20130811,MARK NOT FOUND,GEOCAC,335.7
20260103,http://www.ngs.noaa.gov/cgi-bin/ds_mark.prl?PidBox=KY1443,KY1443,1030.20,40.0383333333,-81.4633333333,OH,GUERNSEY,Q = CHISELED SQUARE,30 = SET IN A LIGHT STRUCTURE,1934,GOOD,CGS,314.046
20260103,http://www.ngs.noaa.gov/cgi-bin/ds_mark.prl?PidBox=KY1943,KY1943,1030.43,40.7286111111,-81.6144444444,OH,STARK,DD = SURVEY DISK,30 = SET IN A LIGHT STRUCTURE,20061230,GOOD,USPSQD,313.807
20260103,http://www.ngs.noaa.gov/cgi-bin/ds_mark.prl?PidBox=MB1167,MB1167,1037,41.0933333333,-81.4661111111,OH,SUMMIT,X = CHISELED CROSS,30 = SET IN A LIGHT STRUCTURE,20130914,MARK NOT FOUND,GEOCAC,316.097
20260103,http://www.ngs.noaa.gov/cgi-bin/ds_mark.prl?PidBox=JZ0803,JZ0803,1037,39.1944444444,-84.5461111111,OH,HAMILTON,DE = TRAVERSE STATION DISK,9 = POST (STONE OR PRECAST CONCRETE),20041104,MARK NOT FOUND,GEOCAC,264.134
20260103,http://www.ngs.noaa.gov/cgi-bin/ds_mark.prl?PidBox=DQ4040,DQ4040,1037,39.8023055556,-84.1060000000,OH,MONTGOMERY,DB = BENCH MARK DISK,7 = SET IN TOP OF CONCRETE MONUMENT,20160411,GOOD,BES,241.759
20260103,http://www.ngs.noaa.gov/cgi-bin/ds_mark.prl?PidBox=KZ1020,KZ1020,1038,40.6713888889,-82.9058333333,OH,MARION,R = RIVET,17 = SET INTO TOP OF METAL PIPE DRIVEN INTO GROUND,1934,GOOD,CGS,316.139
20260103,http://www.ngs.noaa.gov/cgi-bin/ds_mark.prl?PidBox=MB0768,MB0768,1039,41.0597222222,-80.7108333333,OH,MAHONING,DB = BENCH MARK DISK,36 = SET IN A MASSIVE STRUCTURE,20051201,GOOD,GEOCAC,316.620
20260103,http://www.ngs.noaa.gov/cgi-bin/ds_mark.prl?PidBox=KY1773,KY1773,1039,40.6400000000,-81.6747222222,OH,HOLMES,P = PIPE CAP,17 = SET INTO TOP OF METAL PIPE DRIVEN INTO GROUND,20111112,MARK NOT FOUND,GEOCAC,316.426
20260103,http://www.ngs.noaa.gov/cgi-bin/ds_mark.prl?PidBox=JZ0777,JZ0777,104,39.2032500972,-84.5502867917,OH,HAMILTON,DE = TRAVERSE STATION DISK,9 = POST (STONE OR PRECAST CONCRETE),20170626,MARK NOT FOUND,BASE9,276.266
20260103,http://www.ngs.noaa.gov/cgi-bin/ds_mark.prl?PidBox=JZ0800,JZ0800,1040,39.1788888889,-84.5258333333,OH,HAMILTON,DE = TRAVERSE STATION DISK,9 = POST (STONE OR PRECAST CONCRETE),1947,GOOD,CGS,194.089
20260103,http://www.ngs.noaa.gov/cgi-bin/ds_mark.prl?PidBox=JY1143,JY1143,1041,39.6769444444,-83.8647222222,OH,GREENE,P = PIPE CAP,17 = SET INTO TOP OF METAL PIPE DRIVEN INTO GROUND,1935,GOOD,CGS,317.318
20260103,http://www.ngs.noaa.gov/cgi-bin/ds_mark.prl?PidBox=KZ0838,KZ0838,1041,40.4397222222,-82.5227777778,OH,KNOX,P = PIPE CAP,17 = SET INTO TOP OF METAL PIPE DRIVEN INTO GROUND,1934,GOOD,CGS,316.889
20260103,http://www.ngs.noaa.gov/cgi-bin/ds_mark.prl?PidBox=JZ0815,JZ0815,1041,39.1650000000,-84.5205555556,OH,HAMILTON,DE = TRAVERSE STATION DISK,9 = POST (STONE OR PRECAST CONCRETE),19900920,GOOD,WOOLPT,150.490
20260103,http://www.ngs.noaa.gov/cgi-bin/ds_mark.prl?PidBox=KZ1987,KZ1987,1041,40.8128878611,-82.9019289972,OH,CRAWFORD,P = PIPE CAP,17 = SET INTO TOP OF METAL PIPE DRIVEN INTO GROUND,1959,GOOD,CGS,316.95
20260103,http://www.ngs.noaa.gov/cgi-bin/ds_mark.prl?PidBox=JZ0776,JZ0776,1042,39.2033333333,-84.5550000000,OH,HAMILTON,DE = TRAVERSE STATION DISK,9 = POST (STONE OR PRECAST CONCRETE),20170626,MARK NOT FOUND,BASE9,276.608
20260103,http://www.ngs.noaa.gov/cgi-bin/ds_mark.prl?PidBox=KZ0749,KZ0749,1042,40.3205555556,-82.4708333333,OH,KNOX,P = PIPE CAP,17 = SET INTO TOP OF METAL PIPE DRIVEN INTO GROUND,1934,GOOD,CGS,317.298
20260103,http://www.ngs.noaa.gov/cgi-bin/ds_mark.prl?PidBox=JZ0779,JZ0779,1043,39.2163472222,-84.5495527778,OH,HAMILTON,DE = TRAVERSE STATION DISK,9 = POST (STONE OR PRECAST CONCRETE),20170628,GOOD,BASE9,255.188
20260103,http://www.ngs.noaa.gov/cgi-bin/ds_mark.prl?PidBox=JZ0778,JZ0778,1044,39.2142888889,-84.5491250000,OH,HAMILTON,DE = TRAVERSE STATION DISK,9 = POST (STONE OR PRECAST CONCRETE),20170627,GOOD,BASE9,250.998
20260103,http://www.ngs.noaa.gov/cgi-bin/ds_mark.prl?PidBox=JZ0461,JZ0461,1047,39.2355555556,-84.4866666667,OH,HAMILTON,DE = TRAVERSE STATION DISK,9 = POST (STONE OR PRECAST CONCRETE),1947,GOOD,CGS,244.435
20260103,http://www.ngs.noaa.gov/cgi-bin/ds_mark.prl?PidBox=JZ0460,JZ0460,1048,39.2358333333,-84.4941666667,OH,HAMILTON,DE = TRAVERSE STATION DISK,9 = POST (STONE OR PRECAST CONCRETE),1947,GOOD,CGS,246.620
20260103,http://www.ngs.noaa.gov/cgi-bin/ds_mark.prl?PidBox=JZ0807,JZ0807,1049,39.2322222222,-84.5294444444,OH,HAMILTON,DE = TRAVERSE STATION DISK,36 = SET IN A MASSIVE STRUCTURE,1947,GOOD,CGS,231.199
20260103,http://www.ngs.noaa.gov/cgi-bin/ds_mark.prl?PidBox=KY1280,KY1280,1049,40.6469444444,-81.0141666667,OH,CARROLL,P = PIPE CAP,17 = SET INTO TOP OF METAL PIPE DRIVEN INTO GROUND,20070807,MARK NOT FOUND,GEOCAC,319.734
20260103,http://www.ngs.noaa.gov/cgi-bin/ds_mark.prl?PidBox=MB2856,MB2856,104=EGBERT,41.3658597750,-81.5605395583,OH,CUYAHOGA,DD = SURVEY DISK,9 = POST (STONE OR PRECAST CONCRETE),20150628,GOOD,GEOCAC,301.
20260103,http://www.ngs.noaa.gov/cgi-bin/ds_mark.prl?PidBox=JZ0773,JZ0773,105,39.1930555556,-84.5675000000,OH,HAMILTON,DE = TRAVERSE STATION DISK,9 = POST (STONE OR PRECAST CONCRETE),1966,MARK NOT FOUND,CGS,283.273
20260103,http://www.ngs.noaa.gov/cgi-bin/ds_mark.prl?PidBox=MB1614,MB1614,105 CWL,41.7179722222,-81.3201388889,OH,LAKE,DB = BENCH MARK DISK,7 = SET IN TOP OF CONCRETE MONUMENT,20230811,GOOD,USPSQD,191.958
20260103,http://www.ngs.noaa.gov/cgi-bin/ds_mark.prl?PidBox=LA0285,LA0285,1050,40.1004722222,-84.6316111111,OH,DARKE,DB = BENCH MARK DISK,36 = SET IN A MASSIVE STRUCTURE,20221114,GOOD,WSRR,319.798
20260103,http://www.ngs.noaa.gov/cgi-bin/ds_mark.prl?PidBox=JZ0808,JZ0808,1050,39.2302777778,-84.5297222222,OH,HAMILTON,DE = TRAVERSE STATION DISK,9 = POST (STONE OR PRECAST CONCRETE),1947,GOOD,CGS,241.114
20260103,http://www.ngs.noaa.gov/cgi-bin/ds_mark.prl?PidBox=KZ0664,KZ0664,1050,40.4752777778,-82.1494444444,OH,HOLMES,P = PIPE CAP,17 = SET INTO TOP OF METAL PIPE DRIVEN INTO GROUND,1957,GOOD,CGS,319.671
20260103,http://www.ngs.noaa.gov/cgi-bin/ds_mark.prl?PidBox=KY0815,KY0815,1053,40.3619444444,-80.9827777778,OH,HARRISON,Q = CHISELED SQUARE,36 = SET IN A MASSIVE STRUCTURE,20121110,MARK NOT FOUND,GEOCAC,321.318
20260103,http://www.ngs.noaa.gov/cgi-bin/ds_mark.prl?PidBox=KZ1617,KZ1617,1054,40.1086111111,-83.7547222222,OH,CHAMPAIGN,Q = CHISELED SQUARE,36 = SET IN A MASSIVE STRUCTURE,20100626,MARK NOT FOUND,GEOCAC,321.099
20260103,http://www.ngs.noaa.gov/cgi-bin/ds_mark.prl?PidBox=JZ1389,JZ1389,1055,39.7477777778,-84.6361111111,OH,PREBLE,DB = BENCH MARK DISK,36 = SET IN A MASSIVE STRUCTURE,20050624,MARK NOT FOUND,NGS,321.279
20260103,http://www.ngs.noaa.gov/cgi-bin/ds_mark.prl?PidBox=JZ0724,JZ0724,1056,39.1402777778,-84.6041666667,OH,HAMILTON,DE = TRAVERSE STATION DISK,9 = POST (STONE OR PRECAST CONCRETE),20040124,MARK NOT FOUND,GEOCAC,263.767
20260103,http://www.ngs.noaa.gov/cgi-bin/ds_mark.prl?PidBox=KZ1671,KZ1671,1057,40.2991666667,-83.9713888889,OH,LOGAN,P = PIPE CAP,17 = SET INTO TOP OF METAL PIPE DRIVEN INTO GROUND,1970,GOOD,NGS,321.929
20260103,http://www.ngs.noaa.gov/cgi-bin/ds_mark.prl?PidBox=JZ0721,JZ0721,1057,39.1402777778,-84.5994444444,OH,HAMILTON,DE = TRAVERSE STATION DISK,9 = POST (STONE OR PRECAST CONCRETE),20040124,MARK NOT FOUND,GEOCAC,275.005
20260103,http://www.ngs.noaa.gov/cgi-bin/ds_mark.prl?PidBox=JZ0674,JZ0674,1058,39.1041666667,-84.5388888889,OH,HAMILTON,DE = TRAVERSE STATION DISK,31 = SET IN A PAVEMENT SUCH AS STREET SIDEWALK CURB ETC.,1986,MARK NOT FOUND,NGS,150.163
20260103,http://www.ngs.noaa.gov/cgi-bin/ds_mark.prl?PidBox=KZ0646,KZ0646,1059,40.5163888889,-83.5736111111,OH,HARDIN,P = PIPE CAP,17 = SET INTO TOP OF METAL PIPE DRIVEN INTO GROUND,1936,GOOD,CGS,322.506
20260103,http://www.ngs.noaa.gov/cgi-bin/ds_mark.prl?PidBox=JZ0806,JZ0806,1059,39.2333333333,-84.5102777778,OH,HAMILTON,DE = TRAVERSE STATION DISK,31 = SET IN A PAVEMENT SUCH AS STREET SIDEWALK CURB ETC.,1947,GOOD,CGS,251.966
20260103,http://www.ngs.noaa.gov/cgi-bin/ds_mark.prl?PidBox=JZ0772,JZ0772,106,39.1916666667,-84.5688888889,OH,HAMILTON,DE = TRAVERSE STATION DISK,9 = POST (STONE OR PRECAST CONCRETE),1966,MARK NOT FOUND,CGS,285.750
20260103,http://www.ngs.noaa.gov/cgi-bin/ds_mark.prl?PidBox=JZ0828,JZ0828,1060,39.1352777778,-84.5102777778,OH,HAMILTON,DE = TRAVERSE STATION DISK,9 = POST (STONE OR PRECAST CONCRETE),20190518,MARK NOT FOUND,INDIV,244.142
20260103,http://www.ngs.noaa.gov/cgi-bin/ds_mark.prl?PidBox=JZ0827,JZ0827,1061,39.1405277778,-84.5130833333,OH,HAMILTON,DB = BENCH MARK DISK,7 = SET IN TOP OF CONCRETE MONUMENT,20190518,GOOD,INDIV,225.862
20260103,http://www.ngs.noaa.gov/cgi-bin/ds_mark.prl?PidBox=DG7164,DG7164,1061,41.3409605611,-82.8435956611,OH,ERIE,DB = BENCH MARK DISK,7 = SET IN TOP OF CONCRETE MONUMENT,20200127,GOOD,WOOLPT,234.4
20260103,http://www.ngs.noaa.gov/cgi-bin/ds_mark.prl?PidBox=KY1265,KY1265,1062,40.7987250000,-81.3751500000,OH,STARK,DB = BENCH MARK DISK,36 = SET IN A MASSIVE STRUCTURE,20251008,GOOD,USPSQD,323.368
20260103,http://www.ngs.noaa.gov/cgi-bin/ds_mark.prl?PidBox=JZ0829,JZ0829,1062,39.1352777778,-84.5063888889,OH,HAMILTON,DE = TRAVERSE STATION DISK,9 = POST (STONE OR PRECAST CONCRETE),20190518,MARK NOT FOUND,INDIV,227.375
20260103,http://www.ngs.noaa.gov/cgi-bin/ds_mark.prl?PidBox=MB0586,MB0586,1064,41.0633333333,-80.8869444444,OH,MAHONING,DB = BENCH MARK DISK,9 = POST (STONE OR PRECAST CONCRETE),20060428,MARK NOT FOUND,GEOCAC,329.122
20260103,http://www.ngs.noaa.gov/cgi-bin/ds_mark.prl?PidBox=KZ1101,KZ1101,1064,40.5613888889,-82.8630555556,OH,MORROW,P = PIPE CAP,17 = SET INTO TOP OF METAL PIPE DRIVEN INTO GROUND,1967,GOOD,CGS,323.499
20260103,http://www.ngs.noaa.gov/cgi-bin/ds_mark.prl?PidBox=LA0315,LA0315,1065 OHIO,40.3092583333,-84.8036055556,OH,DARKE,P = PIPE CAP,17 = SET INTO TOP OF METAL PIPE DRIVEN INTO GROUND,1947,GOOD,CGS,324.456
20260103,http://www.ngs.noaa.gov/cgi-bin/ds_mark.prl?PidBox=KY1276,KY1276,1067.24,40.7830555556,-81.4463888889,OH,STARK,DD = SURVEY DISK,30 = SET IN A LIGHT STRUCTURE,20060531,MARK NOT FOUND,GEOCAC,325.304
20260103,http://www.ngs.noaa.gov/cgi-bin/ds_mark.prl?PidBox=KY1213,KY1213,1069,40.9008055556,-80.7645833333,OH,MAHONING,DB = BENCH MARK DISK,36 = SET IN A MASSIVE STRUCTURE,20250423,GOOD,USPSQD,325.571
20260103,http://www.ngs.noaa.gov/cgi-bin/ds_mark.prl?PidBox=DQ4039,DQ4039,1070,39.7771111111,-84.1609166667,OH,MONTGOMERY,DB = BENCH MARK DISK,7 = SET IN TOP OF CONCRETE MONUMENT,20160411,GOOD,BES,230.541
20260103,http://www.ngs.noaa.gov/cgi-bin/ds_mark.prl?PidBox=JY0909,JY0909,1071,39.8380555556,-83.4661111111,OH,MADISON,DB = BENCH MARK DISK,36 = SET IN A MASSIVE STRUCTURE,1934,GOOD,CGS,326.430
20260103,http://www.ngs.noaa.gov/cgi-bin/ds_mark.prl?PidBox=JY0917,JY0917,1072,39.7333333333,-83.4769444444,OH,MADISON,DB = BENCH MARK DISK,9 = POST (STONE OR PRECAST CONCRETE),1934,GOOD,CGS,326.564
20260103,http://www.ngs.noaa.gov/cgi-bin/ds_mark.prl?PidBox=JY0910,JY0910,1072,39.8250000000,-83.4652777778,OH,MADISON,Z = SEE DESCRIPTION,36 = SET IN A MASSIVE STRUCTURE,20230615,MARK NOT FOUND,OHDT,326.630
20260103,http://www.ngs.noaa.gov/cgi-bin/ds_mark.prl?PidBox=MB0960,MB0960,1073,41.0903888889,-80.5683333333,OH,MAHONING,DB = BENCH MARK DISK,36 = SET IN A MASSIVE STRUCTURE,20060505,GOOD,GEOCAC,326.856
20260103,http://www.ngs.noaa.gov/cgi-bin/ds_mark.prl?PidBox=MB1507,MB1507,1075,41.4772222222,-81.7225000000,OH,CUYAHOGA,DD = SURVEY DISK,9 = POST (STONE OR PRECAST CONCRETE),20110310,GOOD,USACE,208.575
20260103,http://www.ngs.noaa.gov/cgi-bin/ds_mark.prl?PidBox=KZ0130,KZ0130,1077,40.8860555556,-82.4271388889,OH,RICHLAND,DB = BENCH MARK DISK,36 = SET IN A MASSIVE STRUCTURE,20250501,GOOD,USPSQD,328.148
20260103,http://www.ngs.noaa.gov/cgi-bin/ds_mark.prl?PidBox=KY1217,KY1217,1077,40.9761111111,-81.4261111111,OH,SUMMIT,DB = BENCH MARK DISK,36 = SET IN A MASSIVE STRUCTURE,20161030,MARK NOT FOUND,GEOCAC,327.951
20260103,http://www.ngs.noaa.gov/cgi-bin/ds_mark.prl?PidBox=JZ0741,JZ0741,1078,39.1238888889,-84.6844444444,OH,HAMILTON,DE = TRAVERSE STATION DISK,9 = POST (STONE OR PRECAST CONCRETE),1947,GOOD,CGS,153.908
20260103,http://www.ngs.noaa.gov/cgi-bin/ds_mark.prl?PidBox=KY1259,KY1259,1079.08,40.8234444444,-81.2985277778,OH,STARK,,,20171111,MARK NOT FOUND,USPSQD,328.728
20260103,http://www.ngs.noaa.gov/cgi-bin/ds_mark.prl?PidBox=MB1007,MB1007,108,41.7950000000,-80.9794444444,OH,ASHTABULA,B = BOLT,30 = SET IN A LIGHT STRUCTURE,19960804,MARK NOT FOUND,USPSQD,207.530
20260103,http://www.ngs.noaa.gov/cgi-bin/ds_mark.prl?PidBox=MB0929,MB0929,1080,41.1622222222,-80.6625000000,OH,TRUMBULL,DD = SURVEY DISK,36 = SET IN A MASSIVE STRUCTURE,19930924,MARK NOT FOUND,OHDT,328.980
20260103,http://www.ngs.noaa.gov/cgi-bin/ds_mark.prl?PidBox=JZ0738,JZ0738,1081,39.1280555556,-84.6641666667,OH,HAMILTON,DB = BENCH MARK DISK,7 = SET IN TOP OF CONCRETE MONUMENT,1947,GOOD,CGS,178.504
20260103,http://www.ngs.noaa.gov/cgi-bin/ds_mark.prl?PidBox=JZ0737,JZ0737,1082,39.1322222222,-84.6600000000,OH,HAMILTON,DE = TRAVERSE STATION DISK,36 = SET IN A MASSIVE STRUCTURE,1991,GOOD,USPSQD,203.508
20260103,http://www.ngs.noaa.gov/cgi-bin/ds_mark.prl?PidBox=JY0912,JY0912,1082,39.8177777778,-83.4700000000,OH,MADISON,Z = SEE DESCRIPTION,0 = UNSPECIFIED SETTING,1935,GOOD,CGS,329.555
20260103,http://www.ngs.noaa.gov/cgi-bin/ds_mark.prl?PidBox=MC0133,MC0133,1083,41.0278611111,-82.1259222222,OH,MEDINA,,,20160704,MARK NOT FOUND,GEOCAC,329.980
20260103,http://www.ngs.noaa.gov/cgi-bin/ds_mark.prl?PidBox=JZ0736,JZ0736,1083,39.1347222222,-84.6561111111,OH,HAMILTON,DE = TRAVERSE STATION DISK,32 = SET IN A RETAINING WALL OR CONCRETE LEDGE,1947,GOOD,CGS,213.778
20260103,http://www.ngs.noaa.gov/cgi-bin/ds_mark.prl?PidBox=KY1159,KY1159,1083,40.9729444444,-80.8555000000,OH,MAHONING,DB = BENCH MARK DISK,36 = SET IN A MASSIVE STRUCTURE,20080527,GOOD,GEOCAC,329.715
20260103,http://www.ngs.noaa.gov/cgi-bin/ds_mark.prl?PidBox=KZ1178,KZ1178,1084,40.9672222222,-82.6013888889,OH,RICHLAND,P = PIPE CAP,17 = SET INTO TOP OF METAL PIPE DRIVEN INTO GROUND,1970,GOOD,NGS,330.028
20260103,http://www.ngs.noaa.gov/cgi-bin/ds_mark.prl?PidBox=KY3507,KY3507,1084,40.8102651556,-81.9348304139,OH,WAYNE,DB = BENCH MARK DISK,36 = SET IN A MASSIVE STRUCTURE,20111030,MARK NOT FOUND,GEOCAC,330.61
20260103,http://www.ngs.noaa.gov/cgi-bin/ds_mark.prl?PidBox=KY1110,KY1110,1085,40.9876388889,-80.9600555556,OH,MAHONING,DB = BENCH MARK DISK,7 = SET IN TOP OF CONCRETE MONUMENT,20060603,GOOD,GEOCAC,330.608
20260103,http://www.ngs.noaa.gov/cgi-bin/ds_mark.prl?PidBox=KZ0814,KZ0814,1087,40.2596000000,-82.7879277778,OH,DELAWARE,P = PIPE CAP,17 = SET INTO TOP OF METAL PIPE DRIVEN INTO GROUND,20241029,GOOD,USPSQD,330.845
20260103,http://www.ngs.noaa.gov/cgi-bin/ds_mark.prl?PidBox=JY0913,JY0913,1087,39.8047222222,-83.4752777778,OH,MADISON,Z = SEE DESCRIPTION,0 = UNSPECIFIED SETTING,1934,GOOD,CGS,331.200
20260103,http://www.ngs.noaa.gov/cgi-bin/ds_mark.prl?PidBox=KY1904,KY1904,1088.09,40.8950000000,-81.6475000000,OH,STARK,DD = SURVEY DISK,30 = SET IN A LIGHT STRUCTURE,20100411,MARK NOT FOUND,GEOCAC,334.386
20260103,http://www.ngs.noaa.gov/cgi-bin/ds_mark.prl?PidBox=KY1911,KY1911,1089.97,40.8300000000,-81.6477777778,OH,STARK,DD = SURVEY DISK,36 = SET IN A MASSIVE STRUCTURE,20100411,MARK NOT FOUND,GEOCAC,332.015
20260103,http://www.ngs.noaa.gov/cgi-bin/ds_mark.prl?PidBox=MB2863,MB2863,108=HIGH TOP,41.3840002722,-81.6832930278,OH,CUYAHOGA,DD = SURVEY DISK,9 = POST (STONE OR PRECAST CONCRETE),20150628,MARK NOT FOUND,GEOCAC,342.
20260103,http://www.ngs.noaa.gov/cgi-bin/ds_mark.prl?PidBox=MB2853,MB2853,108=STATE,41.4074477611,-81.6039280833,OH,CUYAHOGA,DD = SURVEY DISK,9 = POST (STONE OR PRECAST CONCRETE),20120715,MARK NOT FOUND,GEOCAC,309.
20260103,http://www.ngs.noaa.gov/cgi-bin/ds_mark.prl?PidBox=JZ0759,JZ0759,109,39.1555833333,-84.6063888889,OH,HAMILTON,DB = BENCH MARK DISK,9 = POST (STONE OR PRECAST CONCRETE),20040124,GOOD,GEOCAC,278.475
20260103,http://www.ngs.noaa.gov/cgi-bin/ds_mark.prl?PidBox=KZ0350,KZ0350,1091,40.7283333333,-82.1911111111,OH,ASHLAND,P = PIPE CAP,17 = SET INTO TOP OF METAL PIPE DRIVEN INTO GROUND,1959,GOOD,CGS,332.221
20260103,http://www.ngs.noaa.gov/cgi-bin/ds_mark.prl?PidBox=KZ0389,KZ0389,1092,40.5397222222,-82.2991666667,OH,KNOX,P = PIPE CAP,17 = SET INTO TOP OF METAL PIPE DRIVEN INTO GROUND,1970,GOOD,NGS,332.670
20260103,http://www.ngs.noaa.gov/cgi-bin/ds_mark.prl?PidBox=MB1810,MB1810,1093,41.3666666667,-81.5266666667,OH,CUYAHOGA,DD = SURVEY DISK,9 = POST (STONE OR PRECAST CONCRETE),19940623,POOR,USPSQD,303.777
20260103,http://www.ngs.noaa.gov/cgi-bin/ds_mark.prl?PidBox=AI6779,AI6779,10A,39.2554765639,-83.9012320556,OH,CLINTON,DD = SURVEY DISK,7 = SET IN TOP OF CONCRETE MONUMENT,2000,GOOD,NGS,302.4
20260103,http://www.ngs.noaa.gov/cgi-bin/ds_mark.prl?PidBox=AB2440,AB2440,11,39.2855029333,-82.1524882972,OH,ATHENS,DD = SURVEY DISK,17 = SET INTO TOP OF METAL PIPE DRIVEN INTO GROUND,1995,MONUMENTED,GEOONE,228.4
20260103,http://www.ngs.noaa.gov/cgi-bin/ds_mark.prl?PidBox=AC6887,AC6887,11,40.0724808361,-80.9119607833,OH,BELMONT,DD = SURVEY DISK,7 = SET IN TOP OF CONCRETE MONUMENT,20190919,GOOD,USPSQD,361.2
20260103,http://www.ngs.noaa.gov/cgi-bin/ds_mark.prl?PidBox=AI6750,AI6750,11,39.2570081333,-84.0017719250,OH,CLINTON,DD = SURVEY DISK,7 = SET IN TOP OF CONCRETE MONUMENT,2000,GOOD,NGS,291.7
20260103,http://www.ngs.noaa.gov/cgi-bin/ds_mark.prl?PidBox=KZ2376,KZ2376,11 0099,40.1982822278,-82.9896505806,OH,DELAWARE,DD = SURVEY DISK,7 = SET IN TOP OF CONCRETE MONUMENT,1991,MONUMENTED,WOOLPT,285.9
20260103,http://www.ngs.noaa.gov/cgi-bin/ds_mark.prl?PidBox=KZ2377,KZ2377,11 0100,40.1979771667,-82.9828331806,OH,DELAWARE,DD = SURVEY DISK,7 = SET IN TOP OF CONCRETE MONUMENT,1991,MONUMENTED,WOOLPT,279.9
20260103,http://www.ngs.noaa.gov/cgi-bin/ds_mark.prl?PidBox=KZ2378,KZ2378,11 0101,40.1898905694,-82.9439320944,OH,DELAWARE,DD = SURVEY DISK,7 = SET IN TOP OF CONCRETE MONUMENT,20190704,GOOD,USPSQD,277.9
20260103,http://www.ngs.noaa.gov/cgi-bin/ds_mark.prl?PidBox=KZ2379,KZ2379,11 0102,40.1952014500,-82.9432700889,OH,DELAWARE,DD = SURVEY DISK,7 = SET IN TOP OF CONCRETE MONUMENT,20061124,GOOD,GEOCAC,278.4
20260103,http://www.ngs.noaa.gov/cgi-bin/ds_mark.prl?PidBox=AJ2015,AJ2015,11 1,40.2018584528,-83.2861693444,OH,UNION,DD = SURVEY DISK,7 = SET IN TOP OF CONCRETE MONUMENT,20000705,MONUMENTED,WOOLPT,295.8
20260103,http://www.ngs.noaa.gov/cgi-bin/ds_mark.prl?PidBox=AJ2040,AJ2040,11 1 AZ MK,40.2012159806,-83.2832800028,OH,UNION,DD = SURVEY DISK,7 = SET IN TOP OF CONCRETE MONUMENT,20000705,MONUMENTED,WOOLPT,294.9
20260103,http://www.ngs.noaa.gov/cgi-bin/ds_mark.prl?PidBox=DP1291,DP1291,11 102,40.1076412917,-82.0197448278,OH,MUSKINGUM,DD = SURVEY DISK,7 = SET IN TOP OF CONCRETE MONUMENT,20130805,GOOD,OH-119,241.2
20260103,http://www.ngs.noaa.gov/cgi-bin/ds_mark.prl?PidBox=MD0134,MD0134,11 KE,41.0922138889,-84.4959444444,OH,PAULDING,DT = TOPOGRAPHIC STATION DISK,32 = SET IN A RETAINING WALL OR CONCRETE LEDGE,19921020,GOOD,NGS,216.258
20260103,http://www.ngs.noaa.gov/cgi-bin/ds_mark.prl?PidBox=MB3151,MB3151,11 L,41.3965241500,-81.6876982361,OH,CUYAHOGA,I = METAL ROD,4 = OBJECT SURROUNDED BY MASS OF CONCRETE,20070325,GOOD,USPSQD,274.3
20260103,http://www.ngs.noaa.gov/cgi-bin/ds_mark.prl?PidBox=MB3152,MB3152,11 P,41.3615440056,-81.6845689278,OH,CUYAHOGA,I = METAL ROD,2 = IMBEDDED OR DRIVEN IN THE GROUND,20070310,GOOD,USPSQD,332.7
20260103,http://www.ngs.noaa.gov/cgi-bin/ds_mark.prl?PidBox=MB1382,MB1382,11 RHP,41.0844444444,-81.5438888889,OH,SUMMIT,DD = SURVEY DISK,7 = SET IN TOP OF CONCRETE MONUMENT,20130702,MARK NOT FOUND,GEOCAC,331.134
20260103,http://www.ngs.noaa.gov/cgi-bin/ds_mark.prl?PidBox=JZ0760,JZ0760,110,39.1550000000,-84.6044444444,OH,HAMILTON,DB = BENCH MARK DISK,7 = SET IN TOP OF CONCRETE MONUMENT,20040124,MARK NOT FOUND,GEOCAC,273.505
20260103,http://www.ngs.noaa.gov/cgi-bin/ds_mark.prl?PidBox=KY1255,KY1255,1100,40.8318888889,-81.2753055556,OH,STARK,Q = CHISELED SQUARE,36 = SET IN A MASSIVE STRUCTURE,20170506,GOOD,GEOCAC,335.312
20260103,http://www.ngs.noaa.gov/cgi-bin/ds_mark.prl?PidBox=KZ0799,KZ0799,1101,40.3501944444,-82.5525000000,OH,KNOX,P = PIPE CAP,17 = SET INTO TOP OF METAL PIPE DRIVEN INTO GROUND,20240912,GOOD,USPSQD,335.383
20260103,http://www.ngs.noaa.gov/cgi-bin/ds_mark.prl?PidBox=KZ0139,KZ0139,1101,40.9657222222,-82.3659444444,OH,ASHLAND,DB = BENCH MARK DISK,36 = SET IN A MASSIVE STRUCTURE,20220811,GOOD,USPSQD,335.485
20260103,http://www.ngs.noaa.gov/cgi-bin/ds_mark.prl?PidBox=MB1512,MB1512,1103,41.4885000000,-81.7661111111,OH,CUYAHOGA,DD = SURVEY DISK,9 = POST (STONE OR PRECAST CONCRETE),20230605,GOOD,USPSQD,195.523
20260103,http://www.ngs.noaa.gov/cgi-bin/ds_mark.prl?PidBox=KZ1047,KZ1047,1103,40.8813888889,-82.6647222222,OH,RICHLAND,P = PIPE CAP,17 = SET INTO TOP OF METAL PIPE DRIVEN INTO GROUND,1987,MARK NOT FOUND,OHDT,335.813
20260103,http://www.ngs.noaa.gov/cgi-bin/ds_mark.prl?PidBox=KY1287,KY1287,1104,40.7719444444,-81.1494444444,OH,STARK,DB = BENCH MARK DISK,36 = SET IN A MASSIVE STRUCTURE,20100409,POOR,GEOCAC,336.189
20260103,http://www.ngs.noaa.gov/cgi-bin/ds_mark.prl?PidBox=KY1912,KY1912,1108.69,40.8280555556,-81.6480000000,OH,STARK,DD = SURVEY DISK,38 = SET IN THE ABUTMENT OR PIER OF A LARGE BRIDGE,20191212,GOOD,USPSQD,337.727
20260103,http://www.ngs.noaa.gov/cgi-bin/ds_mark.prl?PidBox=KZ1095,KZ1095,1110,40.6105555556,-82.8433333333,OH,MORROW,P = PIPE CAP,17 = SET INTO TOP OF METAL PIPE DRIVEN INTO GROUND,1971,GOOD,NGS,337.841
20260103,http://www.ngs.noaa.gov/cgi-bin/ds_mark.prl?PidBox=KZ0964,KZ0964,1110,40.3193611111,-82.8303055556,OH,DELAWARE,P = PIPE CAP,17 = SET INTO TOP OF METAL PIPE DRIVEN INTO GROUND,20100605,GOOD,GEOCAC,337.761
20260103,http://www.ngs.noaa.gov/cgi-bin/ds_mark.prl?PidBox=MB1161,MB1161,1111,41.1011111111,-81.4375000000,OH,SUMMIT,X = CHISELED CROSS,30 = SET IN A LIGHT STRUCTURE,1964,MARK NOT FOUND,CGS,338.559
20260103,http://www.ngs.noaa.gov/cgi-bin/ds_mark.prl?PidBox=KZ1637,KZ1637,1111,40.2536111111,-83.7611111111,OH,LOGAN,DB = BENCH MARK DISK,7 = SET IN TOP OF CONCRETE MONUMENT,20230815,MARK NOT FOUND,OHDT,338.337
20260103,http://www.ngs.noaa.gov/cgi-bin/ds_mark.prl?PidBox=KY1323,KY1323,1112,40.9211111111,-81.0294444444,OH,MAHONING,Q = CHISELED SQUARE,32 = SET IN A RETAINING WALL OR CONCRETE LEDGE,20070127,POOR,GEOCAC,338.890
20260103,http://www.ngs.noaa.gov/cgi-bin/ds_mark.prl?PidBox=KY1250,KY1250,1112.81,40.8450000000,-81.2469444444,OH,STARK,DD = SURVEY DISK,36 = SET IN A MASSIVE STRUCTURE,20211023,GOOD,USPSQD,338.925
20260103,http://www.ngs.noaa.gov/cgi-bin/ds_mark.prl?PidBox=MC0719,MC0719,1114,41.6586083333,-83.5222333333,OH,LUCAS,DD = SURVEY DISK,37 = SET IN A MASSIVE RETAINING WALL,20151027,GOOD,USPSQD,184.623
20260103,http://www.ngs.noaa.gov/cgi-bin/ds_mark.prl?PidBox=KZ1190,KZ1190,1119,40.8861111111,-82.5902777778,OH,RICHLAND,P = PIPE CAP,17 = SET INTO TOP OF METAL PIPE DRIVEN INTO GROUND,20040525,MARK NOT FOUND,USPSQD,340.638
20260103,http://www.ngs.noaa.gov/cgi-bin/ds_mark.prl?PidBox=KZ0164,KZ0164,1119,40.9716666667,-82.1095277778,OH,WAYNE,DB = BENCH MARK DISK,36 = SET IN A MASSIVE STRUCTURE,20151122,GOOD,GEOCAC,341.169
20260103,http://www.ngs.noaa.gov/cgi-bin/ds_mark.prl?PidBox=KZ0074,KZ0074,1126,40.5506506167,-82.4831361583,OH,KNOX,P = PIPE CAP,17 = SET INTO TOP OF METAL PIPE DRIVEN INTO GROUND,19931013,POOR,GEOONE,342.919
20260103,http://www.ngs.noaa.gov/cgi-bin/ds_mark.prl?PidBox=KY1909,KY1909,1126.94,40.8538888889,-81.6477777778,OH,STARK,DD = SURVEY DISK,30 = SET IN A LIGHT STRUCTURE,20100411,MARK NOT FOUND,GEOCAC,343.286
20260103,http://www.ngs.noaa.gov/cgi-bin/ds_mark.prl?PidBox=KY0818,KY0818,1129,40.3630555556,-80.9647222222,OH,HARRISON,Q = CHISELED SQUARE,30 = SET IN A LIGHT STRUCTURE,20080614,MARK NOT FOUND,GEOCAC,344.43
20260103,http://www.ngs.noaa.gov/cgi-bin/ds_mark.prl?PidBox=JY1067,JY1067,1129,39.2831388889,-83.5926111111,OH,HIGHLAND,P = PIPE CAP,17 = SET INTO TOP OF METAL PIPE DRIVEN INTO GROUND,20101003,GOOD,GEOCAC,343.966
20260103,http://www.ngs.noaa.gov/cgi-bin/ds_mark.prl?PidBox=KY3584,KY3584,113 FPV ECC,40.2002292972,-81.8442823639,OH,COSHOCTON,I = METAL ROD,15 = METAL ROD DRIVEN INTO GROUND. SEE TEXT FOR ADDITIONAL INFORMATION.,1992,MONUMENTED,AEP,262.56
20260103,http://www.ngs.noaa.gov/cgi-bin/ds_mark.prl?PidBox=AB2465,AB2465,113 JVC RESET,39.4589270111,-82.2397026917,OH,ATHENS,DD = SURVEY DISK,38 = SET IN THE ABUTMENT OR PIER OF A LARGE BRIDGE,20130609,GOOD,GEOCAC,208.6
20260103,http://www.ngs.noaa.gov/cgi-bin/ds_mark.prl?PidBox=JY0433,JY0433,113.42,39.2172222222,-82.7475000000,OH,VINTON,Q = CHISELED SQUARE,36 = SET IN A MASSIVE STRUCTURE,1943,GOOD,CGS,182.815
20260103,http://www.ngs.noaa.gov/cgi-bin/ds_mark.prl?PidBox=JY1062,JY1062,1132,39.2027027778,-83.6116833333,OH,HIGHLAND,P = PIPE CAP,17 = SET INTO TOP OF METAL PIPE DRIVEN INTO GROUND,20230214,GOOD,OHDT,344.903
20260103,http://www.ngs.noaa.gov/cgi-bin/ds_mark.prl?PidBox=JY0777,JY0777,1133,39.5463888889,-82.9413888889,OH,PICKAWAY,B = BOLT,36 = SET IN A MASSIVE STRUCTURE,1967,GOOD,CGS,216.443
20260103,http://www.ngs.noaa.gov/cgi-bin/ds_mark.prl?PidBox=JZ1300,JZ1300,1135,39.7436222222,-84.8143111111,OH,PREBLE,P = PIPE CAP,17 = SET INTO TOP OF METAL PIPE DRIVEN INTO GROUND,1947,GOOD,CGS,345.927
20260103,http://www.ngs.noaa.gov/cgi-bin/ds_mark.prl?PidBox=MB0903,MB0903,1140,41.2383333333,-80.6969444444,OH,TRUMBULL,DB = BENCH MARK DISK,9 = POST (STONE OR PRECAST CONCRETE),20120218,POOR,GEOCAC,347.521
20260103,http://www.ngs.noaa.gov/cgi-bin/ds_mark.prl?PidBox=KY1193,KY1193,1143,40.9009444444,-80.6511944444,OH,MAHONING,DB = BENCH MARK DISK,36 = SET IN A MASSIVE STRUCTURE,20060916,GOOD,GEOCAC,348.320
20260103,http://www.ngs.noaa.gov/cgi-bin/ds_mark.prl?PidBox=MB1591,MB1591,115 CWL,41.6596500000,-81.4541083333,OH,LAKE,DB = BENCH MARK DISK,7 = SET IN TOP OF CONCRETE MONUMENT,20220309,GOOD,USPSQD,187.775
20260103,http://www.ngs.noaa.gov/cgi-bin/ds_mark.prl?PidBox=KY1292,KY1292,1150,40.7961111111,-81.1536111111,OH,STARK,DB = BENCH MARK DISK,32 = SET IN A RETAINING WALL OR CONCRETE LEDGE,19930323,MARK NOT FOUND,OHDT,350.323
20260103,http://www.ngs.noaa.gov/cgi-bin/ds_mark.prl?PidBox=KZ1119,KZ1119,1154,40.6513888889,-82.5591666667,OH,RICHLAND,P = PIPE CAP,17 = SET INTO TOP OF METAL PIPE DRIVEN INTO GROUND,20040603,MARK NOT FOUND,USPSQD,351.424
20260103,http://www.ngs.noaa.gov/cgi-bin/ds_mark.prl?PidBox=KY1247,KY1247,1158.47,40.8485277778,-81.2108055556,OH,STARK,DD = SURVEY DISK,36 = SET IN A MASSIVE STRUCTURE,20220523,GOOD,USPSQD,352.765
20260103,http://www.ngs.noaa.gov/cgi-bin/ds_mark.prl?PidBox=JZ0755,JZ0755,116,39.1286111111,-84.6055555556,OH,HAMILTON,DB = BENCH MARK DISK,36 = SET IN A MASSIVE STRUCTURE,1947,GOOD,CGS,272.222
20260103,http://www.ngs.noaa.gov/cgi-bin/ds_mark.prl?PidBox=KZ1091,KZ1091,1160,40.6619527778,-82.8292194444,OH,MORROW,P = PIPE CAP,17 = SET INTO TOP OF METAL PIPE DRIVEN INTO GROUND,1967,GOOD,CGS,352.873
20260103,http://www.ngs.noaa.gov/cgi-bin/ds_mark.prl?PidBox=KY1134,KY1134,1165,40.9733333333,-80.7072222222,OH,MAHONING,DB = BENCH MARK DISK,36 = SET IN A MASSIVE STRUCTURE,20090616,MARK NOT FOUND,GEOCAC,354.797
20260103,http://www.ngs.noaa.gov/cgi-bin/ds_mark.prl?PidBox=KZ1085,KZ1085,1168,40.6975000000,-82.7969444444,OH,MORROW,P = PIPE CAP,17 = SET INTO TOP OF METAL PIPE DRIVEN INTO GROUND,1987,GOOD,OHDT,355.219
20260103,http://www.ngs.noaa.gov/cgi-bin/ds_mark.prl?PidBox=KY1043,KY1043,1169,40.9011111111,-80.8627777778,OH,COLUMBIANA,DB = BENCH MARK DISK,36 = SET IN A MASSIVE STRUCTURE,20060629,MARK NOT FOUND,GEOCAC,356.200
20260103,http://www.ngs.noaa.gov/cgi-bin/ds_mark.prl?PidBox=KY2887,KY2887,1169 RESET,40.9010277778,-80.8631944444,OH,COLUMBIANA,DV = VERTICAL CONTROL DISK,38 = SET IN THE ABUTMENT OR PIER OF A LARGE BRIDGE,20220321,GOOD,USPSQD,355.88
20260103,http://www.ngs.noaa.gov/cgi-bin/ds_mark.prl?PidBox=MB1501,MB1501,117,41.5012750000,-81.6997833333,OH,CUYAHOGA,DD = SURVEY DISK,7 = SET IN TOP OF CONCRETE MONUMENT,20210104,GOOD,TERRSV,195.740
20260103,http://www.ngs.noaa.gov/cgi-bin/ds_mark.prl?PidBox=JZ0166,JZ0166,117,39.8447222222,-84.4838888889,OH,MONTGOMERY,DB = BENCH MARK DISK,7 = SET IN TOP OF CONCRETE MONUMENT,20041015,POOR,INDIV,324.062
20260103,http://www.ngs.noaa.gov/cgi-bin/ds_mark.prl?PidBox=KZ1081,KZ1081,1171,40.7283333333,-82.7869444444,OH,CRAWFORD,P = PIPE CAP,17 = SET INTO TOP OF METAL PIPE DRIVEN INTO GROUND,1989,MARK NOT FOUND,USPSQD,356.079
20260103,http://www.ngs.noaa.gov/cgi-bin/ds_mark.prl?PidBox=MB0913,MB0913,1172,41.2377222222,-80.6364805556,OH,TRUMBULL,P = PIPE CAP,17 = SET INTO TOP OF METAL PIPE DRIVEN INTO GROUND,20080727,MARK NOT FOUND,GEOCAC,357.383
20260103,http://www.ngs.noaa.gov/cgi-bin/ds_mark.prl?PidBox=KZ0096,KZ0096,1173,40.9742777778,-82.1763611111,OH,ASHLAND,DB = BENCH MARK DISK,36 = SET IN A MASSIVE STRUCTURE,20231011,GOOD,USPSQD,358.183
20260103,http://www.ngs.noaa.gov/cgi-bin/ds_mark.prl?PidBox=KY1170,KY1170,1179,40.9724166667,-80.7636388889,OH,MAHONING,DB = BENCH MARK DISK,7 = SET IN TOP OF CONCRETE MONUMENT,20060510,GOOD,GEOCAC,359.164
20260103,http://www.ngs.noaa.gov/cgi-bin/ds_mark.prl?PidBox=AJ2035,AJ2035,118 WSM RESET,40.1328575889,-83.1792161917,OH,UNION,DD = SURVEY DISK,7 = SET IN TOP OF CONCRETE MONUMENT,20230817,MARK NOT FOUND,OHDT,284.6
20260103,http://www.ngs.noaa.gov/cgi-bin/ds_mark.prl?PidBox=MB0912,MB0912,1180,41.2380555556,-80.6370833333,OH,TRUMBULL,DB = BENCH MARK DISK,36 = SET IN A MASSIVE STRUCTURE,20080727,GOOD,GEOCAC,359.671
20260103,http://www.ngs.noaa.gov/cgi-bin/ds_mark.prl?PidBox=KZ1123,KZ1123,1180,40.6786111111,-82.5802777778,OH,RICHLAND,P = PIPE CAP,17 = SET INTO TOP OF METAL PIPE DRIVEN INTO GROUND,1959,GOOD,CGS,359.387
20260103,http://www.ngs.noaa.gov/cgi-bin/ds_mark.prl?PidBox=KZ1241,KZ1241,1181,40.7272222222,-82.7408333333,OH,CRAWFORD,P = PIPE CAP,17 = SET INTO TOP OF METAL PIPE DRIVEN INTO GROUND,1989,GOOD,USPSQD,359.705
20260103,http://www.ngs.noaa.gov/cgi-bin/ds_mark.prl?PidBox=KY1245,KY1245,1183.09,40.8564527778,-81.1911750000,OH,STARK,DD = SURVEY DISK,36 = SET IN A MASSIVE STRUCTURE,20220523,GOOD,USPSQD,360.261
20260103,http://www.ngs.noaa.gov/cgi-bin/ds_mark.prl?PidBox=KY1246,KY1246,1183.48,40.8538888889,-81.1947222222,OH,STARK,DD = SURVEY DISK,36 = SET IN A MASSIVE STRUCTURE,20060803,MARK NOT FOUND,GEOCAC,360.389
20260103,http://www.ngs.noaa.gov/cgi-bin/ds_mark.prl?PidBox=KY1171,KY1171,1185,40.9725277778,-80.7634444444,OH,MAHONING,DB = BENCH MARK DISK,36 = SET IN A MASSIVE STRUCTURE,20060522,GOOD,GEOCAC,361.038
20260103,http://www.ngs.noaa.gov/cgi-bin/ds_mark.prl?PidBox=JZ1457,JZ1457,1185,39.8222222222,-84.7925000000,OH,PREBLE,P = PIPE CAP,17 = SET INTO TOP OF METAL PIPE DRIVEN INTO GROUND,20030627,GOOD,GEOCAC,361.010
20260103,http://www.ngs.noaa.gov/cgi-bin/ds_mark.prl?PidBox=JX0817,JX0817,1187,39.7902777778,-81.3330555556,OH,NOBLE,DD = SURVEY DISK,36 = SET IN A MASSIVE STRUCTURE,1934,GOOD,CGS,361.519
20260103,http://www.ngs.noaa.gov/cgi-bin/ds_mark.prl?PidBox=KZ1727,KZ1727,1190 RESET,40.5950000000,-82.3475000000,OH,RICHLAND,DV = VERTICAL CONTROL DISK,15 = METAL ROD DRIVEN INTO GROUND. SEE TEXT FOR ADDITIONAL INFORMATION.,20040603,GOOD,USPSQD,361.78
20260103,http://www.ngs.noaa.gov/cgi-bin/ds_mark.prl?PidBox=AI6780,AI6780,11A,39.2584425278,-83.9995733139,OH,CLINTON,DD = SURVEY DISK,7 = SET IN TOP OF CONCRETE MONUMENT,2000,GOOD,NGS,294.6
20260103,http://www.ngs.noaa.gov/cgi-bin/ds_mark.prl?PidBox=JZ0430,JZ0430,12,39.1683333333,-84.4788888889,OH,HAMILTON,DB = BENCH MARK DISK,7 = SET IN TOP OF CONCRETE MONUMENT,20031217,MARK NOT FOUND,GEOCAC,162.068
20260103,http://www.ngs.noaa.gov/cgi-bin/ds_mark.prl?PidBox=AB2441,AB2441,12,39.2791480917,-81.9550747583,OH,ATHENS,DD = SURVEY DISK,17 = SET INTO TOP OF METAL PIPE DRIVEN INTO GROUND,1995,MONUMENTED,GEOONE,211.7
20260103,http://www.ngs.noaa.gov/cgi-bin/ds_mark.prl?PidBox=AC6888,AC6888,12,40.0722344778,-80.8949673528,OH,BELMONT,DD = SURVEY DISK,7 = SET IN TOP OF CONCRETE MONUMENT,20190919,GOOD,USPSQD,366.3
20260103,http://www.ngs.noaa.gov/cgi-bin/ds_mark.prl?PidBox=AI6751,AI6751,12,39.2769512472,-83.9756860861,OH,CLINTON,DD = SURVEY DISK,7 = SET IN TOP OF CONCRETE MONUMENT,2000,GOOD,NGS,293.8
20260103,http://www.ngs.noaa.gov/cgi-bin/ds_mark.prl?PidBox=KZ2304,KZ2304,12 0027,40.4164843139,-82.9778946194,OH,DELAWARE,DD = SURVEY DISK,7 = SET IN TOP OF CONCRETE MONUMENT,1991,MONUMENTED,WOOLPT,295.7
20260103,http://www.ngs.noaa.gov/cgi-bin/ds_mark.prl?PidBox=KZ2305,KZ2305,12 0028,40.4122387778,-82.9735570306,OH,DELAWARE,DD = SURVEY DISK,7 = SET IN TOP OF CONCRETE MONUMENT,20200129,GOOD,WOOLPT,296.7
20260103,http://www.ngs.noaa.gov/cgi-bin/ds_mark.prl?PidBox=KZ2306,KZ2306,12 0029,40.4078837028,-82.9259479722,OH,DELAWARE,DD = SURVEY DISK,7 = SET IN TOP OF CONCRETE MONUMENT,1991,MONUMENTED,WOOLPT,300.5
20260103,http://www.ngs.noaa.gov/cgi-bin/ds_mark.prl?PidBox=KZ2307,KZ2307,12 0030,40.4080060306,-82.9327178278,OH,DELAWARE,DD = SURVEY DISK,7 = SET IN TOP OF CONCRETE MONUMENT,1991,MONUMENTED,WOOLPT,299.8
20260103,http://www.ngs.noaa.gov/cgi-bin/ds_mark.prl?PidBox=KZ2308,KZ2308,12 0031,40.4088377111,-82.9556704389,OH,DELAWARE,DD = SURVEY DISK,7 = SET IN TOP OF CONCRETE MONUMENT,1991,MONUMENTED,WOOLPT,300.5
20260103,http://www.ngs.noaa.gov/cgi-bin/ds_mark.prl?PidBox=KZ2309,KZ2309,12 0032,40.4022618333,-82.9600971583,OH,DELAWARE,DD = SURVEY DISK,7 = SET IN TOP OF CONCRETE MONUMENT,1991,MONUMENTED,WOOLPT,298.0
20260103,http://www.ngs.noaa.gov/cgi-bin/ds_mark.prl?PidBox=MB3153,MB3153,12 1,41.3582815361,-81.6352155361,OH,CUYAHOGA,I = METAL ROD,4 = OBJECT SURROUNDED BY MASS OF CONCRETE,20070310,GOOD,USPSQD,271.9
20260103,http://www.ngs.noaa.gov/cgi-bin/ds_mark.prl?PidBox=MB3154,MB3154,12 AT,41.4170604278,-81.6060662056,OH,CUYAHOGA,I = METAL ROD,4 = OBJECT SURROUNDED BY MASS OF CONCRETE,20070310,GOOD,USPSQD,290.7
20260103,http://www.ngs.noaa.gov/cgi-bin/ds_mark.prl?PidBox=MB3155,MB3155,12 AW,41.3990511333,-81.5932739556,OH,CUYAHOGA,I = METAL ROD,2 = IMBEDDED OR DRIVEN IN THE GROUND,20070310,GOOD,USPSQD,292.3
20260103,http://www.ngs.noaa.gov/cgi-bin/ds_mark.prl?PidBox=MB3156,MB3156,12 BC,41.3874304444,-81.5750347417,OH,CUYAHOGA,I = METAL ROD,4 = OBJECT SURROUNDED BY MASS OF CONCRETE,20070310,GOOD,USPSQD,267.6
20260103,http://www.ngs.noaa.gov/cgi-bin/ds_mark.prl?PidBox=JX1074,JX1074,12 RJH,39.3783333333,-81.4983333333,OH,WASHINGTON,DD = SURVEY DISK,36 = SET IN A MASSIVE STRUCTURE,19921005,GOOD,GEOMET,189.563
20260103,http://www.ngs.noaa.gov/cgi-bin/ds_mark.prl?PidBox=JX2300,JX2300,12 RJH ECC,39.3789514500,-81.4982934972,OH,WASHINGTON,B = BOLT,,20240110,MARK NOT FOUND,OHDT,190.61
20260103,http://www.ngs.noaa.gov/cgi-bin/ds_mark.prl?PidBox=MB3157,MB3157,12 U,41.4141345833,-81.6321555000,OH,CUYAHOGA,I = METAL ROD,4 = OBJECT SURROUNDED BY MASS OF CONCRETE,20061011,GOOD,USPSQD,183.6
20260103,http://www.ngs.noaa.gov/cgi-bin/ds_mark.prl?PidBox=MB1785,MB1785,1200,41.5055666667,-81.6917444444,OH,CUYAHOGA,DD = SURVEY DISK,7 = SET IN TOP OF CONCRETE MONUMENT,20210104,GOOD,TERRSV,196.162
20260103,http://www.ngs.noaa.gov/cgi-bin/ds_mark.prl?PidBox=KZ1654,KZ1654,1201,40.3258333333,-83.6425000000,OH,LOGAN,DD = SURVEY DISK,0 = UNSPECIFIED SETTING,1971,MARK NOT FOUND,NGS,364.573
20260103,http://www.ngs.noaa.gov/cgi-bin/ds_mark.prl?PidBox=MC0725,MC0725,1206,41.6733888889,-83.5027222222,OH,LUCAS,DD = SURVEY DISK,31 = SET IN A PAVEMENT SUCH AS STREET SIDEWALK CURB ETC.,20110324,GOOD,USACE,181.257
20260103,http://www.ngs.noaa.gov/cgi-bin/ds_mark.prl?PidBox=KY1432,KY1432,1206.22,40.0558333333,-81.2880555556,OH,GUERNSEY,Q = CHISELED SQUARE,31 = SET IN A PAVEMENT SUCH AS STREET SIDEWALK CURB ETC.,1934,GOOD,CGS,367.911
20260103,http://www.ngs.noaa.gov/cgi-bin/ds_mark.prl?PidBox=KZ0807,KZ0807,1209,40.3063888889,-82.6980555556,OH,KNOX,P = PIPE CAP,17 = SET INTO TOP OF METAL PIPE DRIVEN INTO GROUND,20120407,MARK NOT FOUND,GEOCAC,368.231
20260103,http://www.ngs.noaa.gov/cgi-bin/ds_mark.prl?PidBox=AI6811,AI6811,121,39.4016346778,-83.9927932528,OH,WARREN,DD = SURVEY DISK,7 = SET IN TOP OF CONCRETE MONUMENT,20030604,GOOD,WOOLPT,242.4
20260103,http://www.ngs.noaa.gov/cgi-bin/ds_mark.prl?PidBox=DQ7160,DQ7160,121 WSM,39.8558949083,-81.9852121000,OH,MUSKINGUM,DB = BENCH MARK DISK,38 = SET IN THE ABUTMENT OR PIER OF A LARGE BRIDGE,20170328,GOOD,OH-119,219.06
20260103,http://www.ngs.noaa.gov/cgi-bin/ds_mark.prl?PidBox=KZ0803,KZ0803,1210,40.3456388889,-82.6303888889,OH,KNOX,P = PIPE CAP,17 = SET INTO TOP OF METAL PIPE DRIVEN INTO GROUND,20120602,POOR,GEOCAC,368.466
20260103,http://www.ngs.noaa.gov/cgi-bin/ds_mark.prl?PidBox=KZ0974,KZ0974,1210,40.3455555556,-82.6305555556,OH,KNOX,P = PIPE CAP,17 = SET INTO TOP OF METAL PIPE DRIVEN INTO GROUND,1959,GOOD,CGS,368.470
20260103,http://www.ngs.noaa.gov/cgi-bin/ds_mark.prl?PidBox=KY1299,KY1299,1211,40.8872222222,-81.1341666667,OH,STARK,X = CHISELED CROSS,32 = SET IN A RETAINING WALL OR CONCRETE LEDGE,20060803,MARK NOT FOUND,GEOCAC,368.952
20260103,http://www.ngs.noaa.gov/cgi-bin/ds_mark.prl?PidBox=KY1196,KY1196,1211,40.9169444444,-80.6055555556,OH,MAHONING,DD = SURVEY DISK,7 = SET IN TOP OF CONCRETE MONUMENT,20061014,MARK NOT FOUND,GEOCAC,369.112
20260103,http://www.ngs.noaa.gov/cgi-bin/ds_mark.prl?PidBox=KZ0891,KZ0891,1217,40.4748055556,-82.7569722222,OH,MORROW,P = PIPE CAP,17 = SET INTO TOP OF METAL PIPE DRIVEN INTO GROUND,20030728,MARK NOT FOUND,USPSQD,370.745
20260103,http://www.ngs.noaa.gov/cgi-bin/ds_mark.prl?PidBox=KZ0284,KZ0284,1227,40.8728888889,-82.0551388889,OH,WAYNE,DB = BENCH MARK DISK,36 = SET IN A MASSIVE STRUCTURE,20141123,GOOD,GEOCAC,373.833
20260103,http://www.ngs.noaa.gov/cgi-bin/ds_mark.prl?PidBox=KY1766,KY1766,1230,40.6041666667,-81.7347222222,OH,HOLMES,Q = CHISELED SQUARE,30 = SET IN A LIGHT STRUCTURE,1959,GOOD,CGS,374.676
20260103,http://www.ngs.noaa.gov/cgi-bin/ds_mark.prl?PidBox=KY1295,KY1295,1232,40.8858333333,-81.1366666667,OH,STARK,X = CHISELED CROSS,31 = SET IN A PAVEMENT SUCH AS STREET SIDEWALK CURB ETC.,20060803,MARK NOT FOUND,GEOCAC,375.104
20260103,http://www.ngs.noaa.gov/cgi-bin/ds_mark.prl?PidBox=KY1427,KY1427,1237,40.0563888889,-81.2313888889,OH,GUERNSEY,DB = BENCH MARK DISK,9 = POST (STONE OR PRECAST CONCRETE),1934,GOOD,CGS,376.998
20260103,http://www.ngs.noaa.gov/cgi-bin/ds_mark.prl?PidBox=JX0822,JX0822,1240,39.7647222222,-81.2183333333,OH,MONROE,DB = BENCH MARK DISK,36 = SET IN A MASSIVE STRUCTURE,20101002,MARK NOT FOUND,GEOCAC,377.885
20260103,http://www.ngs.noaa.gov/cgi-bin/ds_mark.prl?PidBox=KY1422,KY1422,1267.44,40.0602777778,-81.0877777778,OH,BELMONT,Q = CHISELED SQUARE,31 = SET IN A PAVEMENT SUCH AS STREET SIDEWALK CURB ETC.,20160917,MARK NOT FOUND,GEOCAC,386.055
20260103,http://www.ngs.noaa.gov/cgi-bin/ds_mark.prl?PidBox=JZ0678,JZ0678,127,39.1033333333,-84.5541666667,OH,HAMILTON,DB = BENCH MARK DISK,9 = POST (STONE OR PRECAST CONCRETE),19911210,GOOD,WOOLPT,157.397
20260103,http://www.ngs.noaa.gov/cgi-bin/ds_mark.prl?PidBox=KY1994,KY1994,1285,40.6242222222,-81.7868333333,OH,HOLMES,P = PIPE CAP,17 = SET INTO TOP OF METAL PIPE DRIVEN INTO GROUND,20250407,GOOD,USPSQD,391.248
20260103,http://www.ngs.noaa.gov/cgi-bin/ds_mark.prl?PidBox=KZ1131,KZ1131,1287,40.7325000000,-82.5697222222,OH,RICHLAND,P = PIPE CAP,17 = SET INTO TOP OF METAL PIPE DRIVEN INTO GROUND,20040517,MARK NOT FOUND,USPSQD,391.831
20260103,http://www.ngs.noaa.gov/cgi-bin/ds_mark.prl?PidBox=DL6633,DL6633,129,39.9586111111,-83.0294444444,OH,FRANKLIN,DB = BENCH MARK DISK,31 = SET IN A PAVEMENT SUCH AS STREET SIDEWALK CURB ETC.,20080822,GOOD,OHDT,217.129
20260103,http://www.ngs.noaa.gov/cgi-bin/ds_mark.prl?PidBox=KZ1662,KZ1662,129 A,40.3563888889,-83.7738888889,OH,LOGAN,B = BOLT,36 = SET IN A MASSIVE STRUCTURE,1934,GOOD,CGS,363.738
20260103,http://www.ngs.noaa.gov/cgi-bin/ds_mark.prl?PidBox=AI6781,AI6781,12A,39.2795508583,-83.9769797194,OH,CLINTON,DD = SURVEY DISK,7 = SET IN TOP OF CONCRETE MONUMENT,2000,GOOD,NGS,295.0
20260103,http://www.ngs.noaa.gov/cgi-bin/ds_mark.prl?PidBox=AB6036,AB6036,12G A,40.8741481333,-82.7002694306,OH,RICHLAND,I = METAL ROD,59 = STAINLESS STEEL ROD IN SLEEVE (10 FT.+),20050915,GOOD,USPSQD,340.55
20260103,http://www.ngs.noaa.gov/cgi-bin/ds_mark.prl?PidBox=KY1665,KY1665,13,40.7980555556,-81.5308333333,OH,STARK,B = BOLT,36 = SET IN A MASSIVE STRUCTURE,19930421,MARK NOT FOUND,OHDT,286.659
20260103,http://www.ngs.noaa.gov/cgi-bin/ds_mark.prl?PidBox=JX1637,JX1637,13,39.6661111111,-81.9975000000,OH,MORGAN,P = PIPE CAP,17 = SET INTO TOP OF METAL PIPE DRIVEN INTO GROUND,1934,GOOD,CGS,310.468
20260103,http://www.ngs.noaa.gov/cgi-bin/ds_mark.prl?PidBox=AB2442,AB2442,13,39.2646799667,-81.7221700722,OH,ATHENS,DD = SURVEY DISK,17 = SET INTO TOP OF METAL PIPE DRIVEN INTO GROUND,20041111,GOOD,LOCSUR,211.5
20260103,http://www.ngs.noaa.gov/cgi-bin/ds_mark.prl?PidBox=AC6889,AC6889,13,40.0725405472,-80.8710783694,OH,BELMONT,DD = SURVEY DISK,7 = SET IN TOP OF CONCRETE MONUMENT,20160730,GOOD,GEOCAC,354.0
20260103,http://www.ngs.noaa.gov/cgi-bin/ds_mark.prl?PidBox=AI6752,AI6752,13,39.3079562639,-83.9878940750,OH,CLINTON,DD = SURVEY DISK,7 = SET IN TOP OF CONCRETE MONUMENT,2000,GOOD,NGS,295.1
20260103,http://www.ngs.noaa.gov/cgi-bin/ds_mark.prl?PidBox=KZ2318,KZ2318,13 0041,40.3530605528,-82.8314307083,OH,DELAWARE,DD = SURVEY DISK,7 = SET IN TOP OF CONCRETE MONUMENT,20100606,MARK NOT FOUND,GEOCAC,328.2
20260103,http://www.ngs.noaa.gov/cgi-bin/ds_mark.prl?PidBox=KZ2319,KZ2319,13 0042,40.3490706722,-82.8318102111,OH,DELAWARE,DD = SURVEY DISK,7 = SET IN TOP OF CONCRETE MONUMENT,20100606,MARK NOT FOUND,GEOCAC,327.0
20260103,http://www.ngs.noaa.gov/cgi-bin/ds_mark.prl?PidBox=KZ2320,KZ2320,13 0043,40.3192620389,-82.8295639556,OH,DELAWARE,DD = SURVEY DISK,7 = SET IN TOP OF CONCRETE MONUMENT,20191221,GOOD,USPSQD,334.2
20260103,http://www.ngs.noaa.gov/cgi-bin/ds_mark.prl?PidBox=KZ2321,KZ2321,13 0044,40.3187862806,-82.8217804000,OH,DELAWARE,DD = SURVEY DISK,7 = SET IN TOP OF CONCRETE MONUMENT,20100605,GOOD,GEOCAC,329.5
20260103,http://www.ngs.noaa.gov/cgi-bin/ds_mark.prl?PidBox=KZ2322,KZ2322,13 0045,40.3462671278,-82.7930804528,OH,DELAWARE,DD = SURVEY DISK,7 = SET IN TOP OF CONCRETE MONUMENT,20100606,MARK NOT FOUND,GEOCAC,351.5
20260103,http://www.ngs.noaa.gov/cgi-bin/ds_mark.prl?PidBox=KZ2323,KZ2323,13 0046,40.3398154444,-82.7937422444,OH,DELAWARE,DD = SURVEY DISK,7 = SET IN TOP OF CONCRETE MONUMENT,20100606,MARK NOT FOUND,GEOCAC,348.0
20260103,http://www.ngs.noaa.gov/cgi-bin/ds_mark.prl?PidBox=KZ2324,KZ2324,13 0047,40.3501890222,-82.7592856528,OH,DELAWARE,DD = SURVEY DISK,7 = SET IN TOP OF CONCRETE MONUMENT,20100606,MARK NOT FOUND,GEOCAC,367.3
20260103,http://www.ngs.noaa.gov/cgi-bin/ds_mark.prl?PidBox=KZ2325,KZ2325,13 0048,40.3505189250,-82.7664877083,OH,DELAWARE,DD = SURVEY DISK,7 = SET IN TOP OF CONCRETE MONUMENT,20100606,MARK NOT FOUND,GEOCAC,360.0
20260103,http://www.ngs.noaa.gov/cgi-bin/ds_mark.prl?PidBox=KZ2327,KZ2327,13 0050,40.2829966278,-82.7503610528,OH,DELAWARE,DD = SURVEY DISK,7 = SET IN TOP OF CONCRETE MONUMENT,20100605,GOOD,GEOCAC,350.8
20260103,http://www.ngs.noaa.gov/cgi-bin/ds_mark.prl?PidBox=KZ2328,KZ2328,13 0051,40.2809582750,-82.8084073028,OH,DELAWARE,DD = SURVEY DISK,7 = SET IN TOP OF CONCRETE MONUMENT,20100606,MARK NOT FOUND,GEOCAC,326.5
20260103,http://www.ngs.noaa.gov/cgi-bin/ds_mark.prl?PidBox=DP1299,DP1299,13 101,40.1068089778,-81.9154461861,OH,MUSKINGUM,DO = NOT SPECIFIED OR SEE DESCRIPTION,7 = SET IN TOP OF CONCRETE MONUMENT,20130730,GOOD,OH-119,245.1
20260103,http://www.ngs.noaa.gov/cgi-bin/ds_mark.prl?PidBox=MB3158,MB3158,13 M,41.4169559472,-81.5273740417,OH,CUYAHOGA,I = METAL ROD,4 = OBJECT SURROUNDED BY MASS OF CONCRETE,20070310,GOOD,USPSQD,317.1
20260103,http://www.ngs.noaa.gov/cgi-bin/ds_mark.prl?PidBox=MB3159,MB3159,13 U,41.3822541111,-81.5269900528,OH,CUYAHOGA,I = METAL ROD,4 = OBJECT SURROUNDED BY MASS OF CONCRETE,20070310,GOOD,USPSQD,293.9
20260103,http://www.ngs.noaa.gov/cgi-bin/ds_mark.prl?PidBox=MB1813,MB1813,1303,41.3433333333,-81.5283333333,OH,SUMMIT,DD = SURVEY DISK,7 = SET IN TOP OF CONCRETE MONUMENT,1983,GOOD,NGS,317.991
20260103,http://www.ngs.noaa.gov/cgi-bin/ds_mark.prl?PidBox=KZ0914,KZ0914,1303,40.4075000000,-82.6802777778,OH,MORROW,P = PIPE CAP,17 = SET INTO TOP OF METAL PIPE DRIVEN INTO GROUND,1967,GOOD,CGS,396.923
20260103,http://www.ngs.noaa.gov/cgi-bin/ds_mark.prl?PidBox=AH7648,AH7648,131 RHM RESET,40.0608031639,-82.2884260222,OH,LICKING,DB = BENCH MARK DISK,37 = SET IN A MASSIVE RETAINING WALL,20171026,GOOD,USPSQD,240.0
20260103,http://www.ngs.noaa.gov/cgi-bin/ds_mark.prl?PidBox=DL6632,DL6632,132,39.9603611111,-83.0165277778,OH,FRANKLIN,DB = BENCH MARK DISK,31 = SET IN A PAVEMENT SUCH AS STREET SIDEWALK CURB ETC.,20100605,GOOD,GEOCAC,219.045
20260103,http://www.ngs.noaa.gov/cgi-bin/ds_mark.prl?PidBox=MB1584,MB1584,1327,41.6170388889,-81.5115000000,OH,CUYAHOGA,DD = SURVEY DISK,9 = POST (STONE OR PRECAST CONCRETE),20240424,GOOD,USPSQD,184.996
20260103,http://www.ngs.noaa.gov/cgi-bin/ds_mark.prl?PidBox=KZ1362,KZ1362,1354,40.6211111111,-82.6630555556,OH,MORROW,P = PIPE CAP,17 = SET INTO TOP OF METAL PIPE DRIVEN INTO GROUND,1987,POOR,USPSQD,412.370
20260103,http://www.ngs.noaa.gov/cgi-bin/ds_mark.prl?PidBox=KZ1289,KZ1289,1374,40.5794444444,-82.7302777778,OH,MORROW,P = PIPE CAP,17 = SET INTO TOP OF METAL PIPE DRIVEN INTO GROUND,1959,GOOD,CGS,418.205
20260103,http://www.ngs.noaa.gov/cgi-bin/ds_mark.prl?PidBox=JY0891,JY0891,138.7,39.9725000000,-83.0094444444,OH,FRANKLIN,B = BOLT,36 = SET IN A MASSIVE STRUCTURE,1935,GOOD,CGS,224.766
20260103,http://www.ngs.noaa.gov/cgi-bin/ds_mark.prl?PidBox=MB1531,MB1531,1385,41.4930555556,-81.9502777778,OH,CUYAHOGA,DD = SURVEY DISK,9 = POST (STONE OR PRECAST CONCRETE),20150314,MARK NOT FOUND,GEOCAC,189.882
20260103,http://www.ngs.noaa.gov/cgi-bin/ds_mark.prl?PidBox=JZ0717,JZ0717,139,39.1306111111,-84.5615277778,OH,HAMILTON,DB = BENCH MARK DISK,17 = SET INTO TOP OF METAL PIPE DRIVEN INTO GROUND,20040124,GOOD,GEOCAC,216.228
20260103,http://www.ngs.noaa.gov/cgi-bin/ds_mark.prl?PidBox=MB1332,MB1332,139 CWL,41.1361111111,-81.5477777778,OH,SUMMIT,DD = SURVEY DISK,31 = SET IN A PAVEMENT SUCH AS STREET SIDEWALK CURB ETC.,20070321,MARK NOT FOUND,USPSQD,231.382
20260103,http://www.ngs.noaa.gov/cgi-bin/ds_mark.prl?PidBox=AI6782,AI6782,13A,39.3118441444,-83.9860478528,OH,CLINTON,DD = SURVEY DISK,7 = SET IN TOP OF CONCRETE MONUMENT,2000,GOOD,NGS,291.3
20260103,http://www.ngs.noaa.gov/cgi-bin/ds_mark.prl?PidBox=AB2443,AB2443,14,39.3203255444,-82.2205453528,OH,ATHENS,DD = SURVEY DISK,17 = SET INTO TOP OF METAL PIPE DRIVEN INTO GROUND,1995,MONUMENTED,GEOONE,254.5
20260103,http://www.ngs.noaa.gov/cgi-bin/ds_mark.prl?PidBox=AC6890,AC6890,14,40.0631883528,-80.9172740861,OH,BELMONT,DD = SURVEY DISK,7 = SET IN TOP OF CONCRETE MONUMENT,20160820,MARK NOT FOUND,GEOCAC,333.1
20260103,http://www.ngs.noaa.gov/cgi-bin/ds_mark.prl?PidBox=AI6753,AI6753,14,39.4043797722,-83.9746214972,OH,CLINTON,DD = SURVEY DISK,7 = SET IN TOP OF CONCRETE MONUMENT,2000,GOOD,NGS,245.3
20260103,http://www.ngs.noaa.gov/cgi-bin/ds_mark.prl?PidBox=KZ2285,KZ2285,14 0008,40.3836739222,-83.1858928944,OH,DELAWARE,DD = SURVEY DISK,7 = SET IN TOP OF CONCRETE MONUMENT,1991,MONUMENTED,WOOLPT,273.4
20260103,http://www.ngs.noaa.gov/cgi-bin/ds_mark.prl?PidBox=KZ2286,KZ2286,14 0009,40.4318668556,-83.1613826917,OH,DELAWARE,DD = SURVEY DISK,7 = SET IN TOP OF CONCRETE MONUMENT,20230822,MARK NOT FOUND,OHDT,281.7
20260103,http://www.ngs.noaa.gov/cgi-bin/ds_mark.prl?PidBox=KZ2287,KZ2287,14 0010,40.4246958833,-83.1619705194,OH,DELAWARE,DD = SURVEY DISK,7 = SET IN TOP OF CONCRETE MONUMENT,1991,MONUMENTED,WOOLPT,282.7
20260103,http://www.ngs.noaa.gov/cgi-bin/ds_mark.prl?PidBox=KZ2288,KZ2288,14 0011,40.4295729056,-83.1144524417,OH,DELAWARE,DD = SURVEY DISK,7 = SET IN TOP OF CONCRETE MONUMENT,20230822,MARK NOT FOUND,OHDT,293.7
20260103,http://www.ngs.noaa.gov/cgi-bin/ds_mark.prl?PidBox=KZ2289,KZ2289,14 0012,40.4301363778,-83.1251497611,OH,DELAWARE,DD = SURVEY DISK,7 = SET IN TOP OF CONCRETE MONUMENT,1991,MONUMENTED,WOOLPT,291.3
20260103,http://www.ngs.noaa.gov/cgi-bin/ds_mark.prl?PidBox=KZ2290,KZ2290,14 0013,40.3221185944,-83.1673907778,OH,DELAWARE,DD = SURVEY DISK,7 = SET IN TOP OF CONCRETE MONUMENT,1991,MONUMENTED,WOOLPT,269.7
20260103,http://www.ngs.noaa.gov/cgi-bin/ds_mark.prl?PidBox=KZ2291,KZ2291,14 0014,40.3221698472,-83.1591908167,OH,DELAWARE,DD = SURVEY DISK,7 = SET IN TOP OF CONCRETE MONUMENT,1991,MONUMENTED,WOOLPT,281.5
20260103,http://www.ngs.noaa.gov/cgi-bin/ds_mark.prl?PidBox=AE3384,AE3384,14 1,40.1128773444,-83.2662277611,OH,UNION,DD = SURVEY DISK,7 = SET IN TOP OF CONCRETE MONUMENT,1997,MONUMENTED,WOOLPT,282.8
20260103,http://www.ngs.noaa.gov/cgi-bin/ds_mark.prl?PidBox=AE3404,AE3404,14 1 AZ MK,40.1137661806,-83.2636014056,OH,UNION,DD = SURVEY DISK,7 = SET IN TOP OF CONCRETE MONUMENT,1997,MONUMENTED,WOOLPT,282.0
20260103,http://www.ngs.noaa.gov/cgi-bin/ds_mark.prl?PidBox=AJ2017,AJ2017,14 10,40.1746727917,-83.2448608139,OH,UNION,DD = SURVEY DISK,7 = SET IN TOP OF CONCRETE MONUMENT,20000705,MONUMENTED,WOOLPT,293.5
20260103,http://www.ngs.noaa.gov/cgi-bin/ds_mark.prl?PidBox=AJ2032,AJ2032,14 10 AZ MK,40.1776032111,-83.2471242000,OH,UNION,DD = SURVEY DISK,7 = SET IN TOP OF CONCRETE MONUMENT,20000705,MONUMENTED,WOOLPT,293.3
20260103,http://www.ngs.noaa.gov/cgi-bin/ds_mark.prl?PidBox=AJ2018,AJ2018,14 11,40.1578364028,-83.2648938694,OH,UNION,DD = SURVEY DISK,7 = SET IN TOP OF CONCRETE MONUMENT,20000705,MONUMENTED,WOOLPT,304.7
20260103,http://www.ngs.noaa.gov/cgi-bin/ds_mark.prl?PidBox=AJ2033,AJ2033,14 11 AZ MK,40.1552429556,-83.2633198472,OH,UNION,DD = SURVEY DISK,7 = SET IN TOP OF CONCRETE MONUMENT,20000705,MONUMENTED,WOOLPT,303.4
20260103,http://www.ngs.noaa.gov/cgi-bin/ds_mark.prl?PidBox=AJ2020,AJ2020,14 12,40.1314742278,-83.2323267583,OH,UNION,DD = SURVEY DISK,7 = SET IN TOP OF CONCRETE MONUMENT,20000705,MONUMENTED,WOOLPT,286.9
20260103,http://www.ngs.noaa.gov/cgi-bin/ds_mark.prl?PidBox=AJ2034,AJ2034,14 12 AZ MK,40.1297945167,-83.2359917500,OH,UNION,DD = SURVEY DISK,7 = SET IN TOP OF CONCRETE MONUMENT,20000705,MONUMENTED,WOOLPT,285.1
20260103,http://www.ngs.noaa.gov/cgi-bin/ds_mark.prl?PidBox=AJ2019,AJ2019,14 13,40.1100085528,-83.2119001361,OH,UNION,DD = SURVEY DISK,7 = SET IN TOP OF CONCRETE MONUMENT,20000705,MONUMENTED,WOOLPT,288.7
20260103,http://www.ngs.noaa.gov/cgi-bin/ds_mark.prl?PidBox=AJ2002,AJ2002,14 13 AZ MK,40.1132603556,-83.2145032806,OH,UNION,DD = SURVEY DISK,7 = SET IN TOP OF CONCRETE MONUMENT,20010424,GOOD,WOOLPT,288.1
20260103,http://www.ngs.noaa.gov/cgi-bin/ds_mark.prl?PidBox=AJ2021,AJ2021,14 14,40.1287025722,-83.1787125583,OH,UNION,DD = SURVEY DISK,7 = SET IN TOP OF CONCRETE MONUMENT,20000705,MONUMENTED,WOOLPT,283.9
20260103,http://www.ngs.noaa.gov/cgi-bin/ds_mark.prl?PidBox=AJ2022,AJ2022,14 15,40.1114369222,-83.1812594972,OH,UNION,DD = SURVEY DISK,7 = SET IN TOP OF CONCRETE MONUMENT,20000705,MONUMENTED,WOOLPT,286.3
20260103,http://www.ngs.noaa.gov/cgi-bin/ds_mark.prl?PidBox=AJ2036,AJ2036,14 15 AZ MK,40.1086309472,-83.1794983639,OH,UNION,DD = SURVEY DISK,7 = SET IN TOP OF CONCRETE MONUMENT,20000705,MONUMENTED,WOOLPT,289.2
20260103,http://www.ngs.noaa.gov/cgi-bin/ds_mark.prl?PidBox=AE3388,AE3388,14 2,40.1463313583,-83.2457381722,OH,UNION,DD = SURVEY DISK,7 = SET IN TOP OF CONCRETE MONUMENT,20060311,MARK NOT FOUND,USPSQD,292.6
20260103,http://www.ngs.noaa.gov/cgi-bin/ds_mark.prl?PidBox=AE3392,AE3392,14 2 AZ MK,40.1490456056,-83.2435932806,OH,UNION,DD = SURVEY DISK,7 = SET IN TOP OF CONCRETE MONUMENT,1997,MONUMENTED,WOOLPT,297.7
20260103,http://www.ngs.noaa.gov/cgi-bin/ds_mark.prl?PidBox=AE3408,AE3408,14 3,40.1504583472,-83.2278278361,OH,UNION,DD = SURVEY DISK,7 = SET IN TOP OF CONCRETE MONUMENT,1997,MONUMENTED,WOOLPT,308.3
20260103,http://www.ngs.noaa.gov/cgi-bin/ds_mark.prl?PidBox=AE3383,AE3383,14 3 AZ MK,40.1474115556,-83.2228543444,OH,UNION,DD = SURVEY DISK,7 = SET IN TOP OF CONCRETE MONUMENT,1997,MONUMENTED,WOOLPT,298.8
20260103,http://www.ngs.noaa.gov/cgi-bin/ds_mark.prl?PidBox=AE3409,AE3409,14 4,40.1210375139,-83.1920063861,OH,UNION,DD = SURVEY DISK,7 = SET IN TOP OF CONCRETE MONUMENT,20000705,GOOD,WOOLPT,285.8
20260103,http://www.ngs.noaa.gov/cgi-bin/ds_mark.prl?PidBox=AE3412,AE3412,14 4 AZ MK,40.1177731333,-83.1898392889,OH,UNION,DD = SURVEY DISK,7 = SET IN TOP OF CONCRETE MONUMENT,1997,MONUMENTED,WOOLPT,285.8
20260103,http://www.ngs.noaa.gov/cgi-bin/ds_mark.prl?PidBox=AE3407,AE3407,14 5,40.1387616167,-83.1940353083,OH,UNION,DD = SURVEY DISK,7 = SET IN TOP OF CONCRETE MONUMENT,1997,MONUMENTED,WOOLPT,287.6
20260103,http://www.ngs.noaa.gov/cgi-bin/ds_mark.prl?PidBox=AE3403,AE3403,14 5 AZ MK,40.1381909972,-83.1904281250,OH,UNION,DD = SURVEY DISK,7 = SET IN TOP OF CONCRETE MONUMENT,1997,MONUMENTED,WOOLPT,286.9
20260103,http://www.ngs.noaa.gov/cgi-bin/ds_mark.prl?PidBox=AE3381,AE3381,14 6,40.1656263861,-83.2267625667,OH,UNION,DD = SURVEY DISK,7 = SET IN TOP OF CONCRETE MONUMENT,20000705,GOOD,WOOLPT,305.1
20260103,http://www.ngs.noaa.gov/cgi-bin/ds_mark.prl?PidBox=AE3413,AE3413,14 6 AZ MK,40.1683413389,-83.2240696444,OH,UNION,DD = SURVEY DISK,7 = SET IN TOP OF CONCRETE MONUMENT,1997,MONUMENTED,WOOLPT,303.8
20260103,http://www.ngs.noaa.gov/cgi-bin/ds_mark.prl?PidBox=AE3406,AE3406,14 7,40.1740327333,-83.1804739556,OH,UNION,DD = SURVEY DISK,7 = SET IN TOP OF CONCRETE MONUMENT,1997,MONUMENTED,WOOLPT,296.0
20260103,http://www.ngs.noaa.gov/cgi-bin/ds_mark.prl?PidBox=AE3402,AE3402,14 7 AZ MK,40.1742619611,-83.1771096056,OH,UNION,DD = SURVEY DISK,7 = SET IN TOP OF CONCRETE MONUMENT,1997,MONUMENTED,WOOLPT,294.4
20260103,http://www.ngs.noaa.gov/cgi-bin/ds_mark.prl?PidBox=AE3379,AE3379,14 8,40.1852831833,-83.2806900972,OH,UNION,DD = SURVEY DISK,7 = SET IN TOP OF CONCRETE MONUMENT,1997,MONUMENTED,WOOLPT,298.1
20260103,http://www.ngs.noaa.gov/cgi-bin/ds_mark.prl?PidBox=AE3393,AE3393,14 8 AZ MK,40.1869238194,-83.2832406694,OH,UNION,DD = SURVEY DISK,7 = SET IN TOP OF CONCRETE MONUMENT,1997,MONUMENTED,WOOLPT,298.2
20260103,http://www.ngs.noaa.gov/cgi-bin/ds_mark.prl?PidBox=AJ2016,AJ2016,14 9,40.1836193528,-83.2666640611,OH,UNION,DD = SURVEY DISK,7 = SET IN TOP OF CONCRETE MONUMENT,20000705,MONUMENTED,WOOLPT,296.7
20260103,http://www.ngs.noaa.gov/cgi-bin/ds_mark.prl?PidBox=AJ2041,AJ2041,14 9 AZ MK,40.1818814778,-83.2705312861,OH,UNION,DD = SURVEY DISK,7 = SET IN TOP OF CONCRETE MONUMENT,20000705,MONUMENTED,WOOLPT,295.8
20260103,http://www.ngs.noaa.gov/cgi-bin/ds_mark.prl?PidBox=MB3160,MB3160,14 D,41.3576168889,-81.4889802944,OH,CUYAHOGA,,,20190414,MARK NOT FOUND,USPSQD,319.0
20260103,http://www.ngs.noaa.gov/cgi-bin/ds_mark.prl?PidBox=MB3161,MB3161,14 F,41.3871674028,-81.4690876278,OH,CUYAHOGA,I = METAL ROD,4 = OBJECT SURROUNDED BY MASS OF CONCRETE,20070310,GOOD,USPSQD,324.8
20260103,http://www.ngs.noaa.gov/cgi-bin/ds_mark.prl?PidBox=MB3162,MB3162,14 H,41.4094606972,-81.4666749222,OH,CUYAHOGA,I = METAL ROD,4 = OBJECT SURROUNDED BY MASS OF CONCRETE,20070310,GOOD,USPSQD,328.8
20260103,http://www.ngs.noaa.gov/cgi-bin/ds_mark.prl?PidBox=MB3163,MB3163,14 M,41.4091234306,-81.4408488917,OH,CUYAHOGA,I = METAL ROD,4 = OBJECT SURROUNDED BY MASS OF CONCRETE,20070310,GOOD,USPSQD,358.2
20260103,http://www.ngs.noaa.gov/cgi-bin/ds_mark.prl?PidBox=MB3164,MB3164,14 P,41.3850228167,-81.4377514056,OH,CUYAHOGA,I = METAL ROD,4 = OBJECT SURROUNDED BY MASS OF CONCRETE,20070310,GOOD,USPSQD,314.3
20260103,http://www.ngs.noaa.gov/cgi-bin/ds_mark.prl?PidBox=MB3165,MB3165,14 Q,41.3562627806,-81.4387991889,OH,CUYAHOGA,I = METAL ROD,4 = OBJECT SURROUNDED BY MASS OF CONCRETE,19900326,GOOD,AEROS,313.5
20260103,http://www.ngs.noaa.gov/cgi-bin/ds_mark.prl?PidBox=MB3166,MB3166,14 R,41.3854470167,-81.4888977639,OH,CUYAHOGA,I = METAL ROD,4 = OBJECT SURROUNDED BY MASS OF CONCRETE,20070310,GOOD,USPSQD,294.6
20260103,http://www.ngs.noaa.gov/cgi-bin/ds_mark.prl?PidBox=MB3167,MB3167,14 S,41.4046903333,-81.4888244000,OH,CUYAHOGA,I = METAL ROD,4 = OBJECT SURROUNDED BY MASS OF CONCRETE,20070310,GOOD,USPSQD,311.0
20260103,http://www.ngs.noaa.gov/cgi-bin/ds_mark.prl?PidBox=JX1301,JX1301,14 WSM,39.1365555556,-81.8425277778,OH,MEIGS,DB = BENCH MARK DISK,66 = SET IN ROCK OUTCROP,1959,GOOD,CGS,207.749
20260103,http://www.ngs.noaa.gov/cgi-bin/ds_mark.prl?PidBox=JY0890,JY0890,140+5,39.9683333333,-83.0227777778,OH,FRANKLIN,B = BOLT,36 = SET IN A MASSIVE STRUCTURE,1935,GOOD,CGS,221.938
20260103,http://www.ngs.noaa.gov/cgi-bin/ds_mark.prl?PidBox=JZ0720,JZ0720,141,39.1411111111,-84.5905555556,OH,HAMILTON,DB = BENCH MARK DISK,7 = SET IN TOP OF CONCRETE MONUMENT,20040124,MARK NOT FOUND,GEOCAC,275.805
20260103,http://www.ngs.noaa.gov/cgi-bin/ds_mark.prl?PidBox=JZ0168,JZ0168,143,39.8305555556,-84.4836111111,OH,MONTGOMERY,DB = BENCH MARK DISK,7 = SET IN TOP OF CONCRETE MONUMENT,20120203,GOOD,WOOLPT,320.658
20260103,http://www.ngs.noaa.gov/cgi-bin/ds_mark.prl?PidBox=KY3259,KY3259,1447 S T B N V L,40.6720256806,-80.6720779278,OH,COLUMBIANA,DD = SURVEY DISK,7 = SET IN TOP OF CONCRETE MONUMENT,20080914,GOOD,GEOCAC,441.
20260103,http://www.ngs.noaa.gov/cgi-bin/ds_mark.prl?PidBox=JZ3609,JZ3609,1453,39.1713888889,-84.5066666667,OH,HAMILTON,DE = TRAVERSE STATION DISK,9 = POST (STONE OR PRECAST CONCRETE),19930604,GOOD,NGS,152.927
20260103,http://www.ngs.noaa.gov/cgi-bin/ds_mark.prl?PidBox=MB1803,MB1803,1494,41.4119444444,-81.5650000000,OH,CUYAHOGA,DD = SURVEY DISK,9 = POST (STONE OR PRECAST CONCRETE),20070324,MARK NOT FOUND,GEOCAC,279.219
20260103,http://www.ngs.noaa.gov/cgi-bin/ds_mark.prl?PidBox=AI6783,AI6783,14A,39.4084534556,-83.9731470444,OH,CLINTON,DD = SURVEY DISK,7 = SET IN TOP OF CONCRETE MONUMENT,2000,GOOD,NGS,246.7
20260103,http://www.ngs.noaa.gov/cgi-bin/ds_mark.prl?PidBox=AB6079,AB6079,14G A,41.3344838417,-83.1568190500,OH,SANDUSKY,DS = TRIANGULATION STATION DISK,66 = SET IN ROCK OUTCROP,20090925,GOOD,SATDAT,200.90
20260103,http://www.ngs.noaa.gov/cgi-bin/ds_mark.prl?PidBox=AE1988,AE1988,14G B,41.3344690917,-83.1614654667,OH,SANDUSKY,DD = SURVEY DISK,66 = SET IN ROCK OUTCROP,20240216,GOOD,OHDT,198.82
20260103,http://www.ngs.noaa.gov/cgi-bin/ds_mark.prl?PidBox=AB2444,AB2444,15,39.3135782972,-82.0637246917,OH,ATHENS,DD = SURVEY DISK,17 = SET INTO TOP OF METAL PIPE DRIVEN INTO GROUND,1995,MONUMENTED,GEOONE,283.8
20260103,http://www.ngs.noaa.gov/cgi-bin/ds_mark.prl?PidBox=AC6891,AC6891,15,40.0625473028,-80.9030132056,OH,BELMONT,DD = SURVEY DISK,7 = SET IN TOP OF CONCRETE MONUMENT,20160820,MARK NOT FOUND,GEOCAC,357.8
20260103,http://www.ngs.noaa.gov/cgi-bin/ds_mark.prl?PidBox=AI6754,AI6754,15,39.4845292472,-83.9363961000,OH,CLINTON,DD = SURVEY DISK,7 = SET IN TOP OF CONCRETE MONUMENT,20230912,MARK NOT FOUND,OHDT,306.0
20260103,http://www.ngs.noaa.gov/cgi-bin/ds_mark.prl?PidBox=AI6810,AI6810,15,39.3351920250,-83.9998150667,OH,WARREN,DD = SURVEY DISK,7 = SET IN TOP OF CONCRETE MONUMENT,20230817,MARK NOT FOUND,OHDT,287.6
20260103,http://www.ngs.noaa.gov/cgi-bin/ds_mark.prl?PidBox=KZ2330,KZ2330,15 0053,40.3158141306,-83.2490014972,OH,DELAWARE,DD = SURVEY DISK,7 = SET IN TOP OF CONCRETE MONUMENT,20230817,MARK NOT FOUND,OHDT,287.2
20260103,http://www.ngs.noaa.gov/cgi-bin/ds_mark.prl?PidBox=KZ2331,KZ2331,15 0054,40.3161370472,-83.2440096194,OH,DELAWARE,DD = SURVEY DISK,7 = SET IN TOP OF CONCRETE MONUMENT,1991,MONUMENTED,WOOLPT,287.9
20260103,http://www.ngs.noaa.gov/cgi-bin/ds_mark.prl?PidBox=KZ2332,KZ2332,15 0055,40.2459237722,-83.2476761694,OH,DELAWARE,DD = SURVEY DISK,7 = SET IN TOP OF CONCRETE MONUMENT,1991,MONUMENTED,WOOLPT,288.1
20260103,http://www.ngs.noaa.gov/cgi-bin/ds_mark.prl?PidBox=KZ2333,KZ2333,15 0056,40.2486885861,-83.2479595722,OH,DELAWARE,DD = SURVEY DISK,7 = SET IN TOP OF CONCRETE MONUMENT,1991,MONUMENTED,WOOLPT,287.9
20260103,http://www.ngs.noaa.gov/cgi-bin/ds_mark.prl?PidBox=KZ2334,KZ2334,15 0057,40.2511537389,-83.2227436917,OH,DELAWARE,DD = SURVEY DISK,7 = SET IN TOP OF CONCRETE MONUMENT,1991,MONUMENTED,WOOLPT,283.5
20260103,http://www.ngs.noaa.gov/cgi-bin/ds_mark.prl?PidBox=KZ2335,KZ2335,15 0058,40.2475059778,-83.2255111611,OH,DELAWARE,DD = SURVEY DISK,7 = SET IN TOP OF CONCRETE MONUMENT,1991,MONUMENTED,WOOLPT,279.5
20260103,http://www.ngs.noaa.gov/cgi-bin/ds_mark.prl?PidBox=KZ2336,KZ2336,15 0059,40.2762414250,-83.2044585917,OH,DELAWARE,DD = SURVEY DISK,7 = SET IN TOP OF CONCRETE MONUMENT,1991,MONUMENTED,WOOLPT,287.2
20260103,http://www.ngs.noaa.gov/cgi-bin/ds_mark.prl?PidBox=KZ2337,KZ2337,15 0060,40.2739138889,-83.2149482472,OH,DELAWARE,DD = SURVEY DISK,7 = SET IN TOP OF CONCRETE MONUMENT,1991,MONUMENTED,WOOLPT,288.3
20260103,http://www.ngs.noaa.gov/cgi-bin/ds_mark.prl?PidBox=KY3610,KY3610,15 1,40.7518607861,-81.0801541083,OH,COLUMBIANA,DD = SURVEY DISK,7 = SET IN TOP OF CONCRETE MONUMENT,20191027,GOOD,USPSQD,333.8
20260103,http://www.ngs.noaa.gov/cgi-bin/ds_mark.prl?PidBox=DP1300,DP1300,15 101,40.0965048972,-81.7287750056,OH,MUSKINGUM,DD = SURVEY DISK,7 = SET IN TOP OF CONCRETE MONUMENT,20130729,GOOD,OH-119,323.1
20260103,http://www.ngs.noaa.gov/cgi-bin/ds_mark.prl?PidBox=DP1301,DP1301,15 102,40.1203093083,-81.7663336972,OH,MUSKINGUM,DD = SURVEY DISK,7 = SET IN TOP OF CONCRETE MONUMENT,20130729,GOOD,OH-119,242.1
20260103,http://www.ngs.noaa.gov/cgi-bin/ds_mark.prl?PidBox=DP1302,DP1302,15 103,40.1359683750,-81.8064541472,OH,MUSKINGUM,DD = SURVEY DISK,7 = SET IN TOP OF CONCRETE MONUMENT,20130729,GOOD,OH-119,311.2
20260103,http://www.ngs.noaa.gov/cgi-bin/ds_mark.prl?PidBox=KY3613,KY3613,15 4,40.7700333000,-80.8232823583,OH,COLUMBIANA,,,20200312,MARK NOT FOUND,USPSQD,333.0
20260103,http://www.ngs.noaa.gov/cgi-bin/ds_mark.prl?PidBox=KZ1426,KZ1426,15 5,40.6300000000,-83.0261111111,OH,MARION,DD = SURVEY DISK,7 = SET IN TOP OF CONCRETE MONUMENT,1960,GOOD,CGS,304.279
20260103,http://www.ngs.noaa.gov/cgi-bin/ds_mark.prl?PidBox=MB3168,MB3168,15 A,41.3632507583,-81.4212194778,OH,CUYAHOGA,I = METAL ROD,4 = OBJECT SURROUNDED BY MASS OF CONCRETE,20070310,GOOD,USPSQD,322.8
20260103,http://www.ngs.noaa.gov/cgi-bin/ds_mark.prl?PidBox=MB3169,MB3169,15 B,41.3572820417,-81.3917157694,OH,CUYAHOGA,I = METAL ROD,4 = OBJECT SURROUNDED BY MASS OF CONCRETE,19900414,GOOD,AEROS,311.1
20260103,http://www.ngs.noaa.gov/cgi-bin/ds_mark.prl?PidBox=MB3170,MB3170,15 C,41.3870689861,-81.4206777833,OH,CUYAHOGA,V = STONE MONUMENT,2 = IMBEDDED OR DRIVEN IN THE GROUND,20070310,GOOD,USPSQD,307.3
20260103,http://www.ngs.noaa.gov/cgi-bin/ds_mark.prl?PidBox=MB3171,MB3171,15 D,41.3859637778,-81.3975990861,OH,CUYAHOGA,V = STONE MONUMENT,2 = IMBEDDED OR DRIVEN IN THE GROUND,20070310,GOOD,USPSQD,299.1
20260103,http://www.ngs.noaa.gov/cgi-bin/ds_mark.prl?PidBox=JZ0223,JZ0223,15 GBG TT,39.7756972222,-84.3299333333,OH,MONTGOMERY,DD = SURVEY DISK,7 = SET IN TOP OF CONCRETE MONUMENT,20041217,POOR,INDIV,277.205
20260103,http://www.ngs.noaa.gov/cgi-bin/ds_mark.prl?PidBox=JZ2989,JZ2989,15 KILO SW,39.8238344333,-84.3503669722,OH,MONTGOMERY,DD = SURVEY DISK,7 = SET IN TOP OF CONCRETE MONUMENT,1953,MONUMENTED,CGS,294.
