DATA_DATE,DATA_SRCE,PID,NAME,DEC_LAT,DEC_LON,STATE,COUNTY,MARKER,SETTING,LAST_RECV,LAST_COND,LAST_RECBY,ORTHO_HT
20260103,http://www.ngs.noaa.gov/cgi-bin/ds_mark.prl?PidBox=KV7012,KV7012,0001,40.0106236500,-74.0585071361,NJ,OCEAN,,,20151119,MARK NOT FOUND,NJGS,1.520
20260103,http://www.ngs.noaa.gov/cgi-bin/ds_mark.prl?PidBox=KV7013,KV7013,0002,40.0447239639,-74.0781763889,NJ,OCEAN,DD = SURVEY DISK,7 = SET IN TOP OF CONCRETE MONUMENT,20200814,GOOD,NJGS,2.2
20260103,http://www.ngs.noaa.gov/cgi-bin/ds_mark.prl?PidBox=KV7014,KV7014,0003,40.0497238972,-74.0974635694,NJ,OCEAN,DD = SURVEY DISK,7 = SET IN TOP OF CONCRETE MONUMENT,20201015,GOOD,NJGS,5.0
20260103,http://www.ngs.noaa.gov/cgi-bin/ds_mark.prl?PidBox=KV7015,KV7015,0005,40.0211916139,-74.1078300500,NJ,OCEAN,DD = SURVEY DISK,7 = SET IN TOP OF CONCRETE MONUMENT,20150515,MARK NOT FOUND,BRICK,0.4
20260103,http://www.ngs.noaa.gov/cgi-bin/ds_mark.prl?PidBox=KV7016,KV7016,0006,40.0339122806,-74.1012870222,NJ,OCEAN,DD = SURVEY DISK,7 = SET IN TOP OF CONCRETE MONUMENT,20201015,GOOD,NJGS,4.5
20260103,http://www.ngs.noaa.gov/cgi-bin/ds_mark.prl?PidBox=KV7017,KV7017,0007,40.0332707194,-74.1248366306,NJ,OCEAN,DD = SURVEY DISK,7 = SET IN TOP OF CONCRETE MONUMENT,20201019,POOR,NJGS,2.8
20260103,http://www.ngs.noaa.gov/cgi-bin/ds_mark.prl?PidBox=KV7018,KV7018,0008,40.0198396000,-74.1272025778,NJ,OCEAN,DD = SURVEY DISK,7 = SET IN TOP OF CONCRETE MONUMENT,20150515,POOR,BRICK,0.8
20260103,http://www.ngs.noaa.gov/cgi-bin/ds_mark.prl?PidBox=KV7019,KV7019,0009,40.0194974306,-74.1452214639,NJ,OCEAN,DD = SURVEY DISK,7 = SET IN TOP OF CONCRETE MONUMENT,20201019,GOOD,NJGS,2.1
20260103,http://www.ngs.noaa.gov/cgi-bin/ds_mark.prl?PidBox=KV7020,KV7020,0010,40.0322946139,-74.1453598778,NJ,OCEAN,DD = SURVEY DISK,7 = SET IN TOP OF CONCRETE MONUMENT,20201019,GOOD,NJGS,5.1
20260103,http://www.ngs.noaa.gov/cgi-bin/ds_mark.prl?PidBox=KV7021,KV7021,0011,40.0322169861,-74.1594221028,NJ,OCEAN,,,20201022,MARK NOT FOUND,NJGS,8.3
20260103,http://www.ngs.noaa.gov/cgi-bin/ds_mark.prl?PidBox=KV7022,KV7022,0012,40.0449834806,-74.1600841972,NJ,OCEAN,DD = SURVEY DISK,7 = SET IN TOP OF CONCRETE MONUMENT,20041222,MARK NOT FOUND,INDIV,16.0
20260103,http://www.ngs.noaa.gov/cgi-bin/ds_mark.prl?PidBox=KV7023,KV7023,0013,40.0550078778,-74.1434729861,NJ,OCEAN,DD = SURVEY DISK,7 = SET IN TOP OF CONCRETE MONUMENT,20190802,GOOD,NJGS,7.5
20260103,http://www.ngs.noaa.gov/cgi-bin/ds_mark.prl?PidBox=KV7024,KV7024,0014,40.0520801667,-74.1266413833,NJ,OCEAN,DD = SURVEY DISK,7 = SET IN TOP OF CONCRETE MONUMENT,1993,MONUMENTED,MCCRON,1.1
20260103,http://www.ngs.noaa.gov/cgi-bin/ds_mark.prl?PidBox=KV7026,KV7026,0016,40.0682192778,-74.1015224250,NJ,OCEAN,DD = SURVEY DISK,7 = SET IN TOP OF CONCRETE MONUMENT,20110616,MARK NOT FOUND,GEOCAC,5.0
20260103,http://www.ngs.noaa.gov/cgi-bin/ds_mark.prl?PidBox=KV7027,KV7027,0017,40.0573964556,-74.1117846389,NJ,OCEAN,DD = SURVEY DISK,7 = SET IN TOP OF CONCRETE MONUMENT,20201015,GOOD,NJGS,2.1
20260103,http://www.ngs.noaa.gov/cgi-bin/ds_mark.prl?PidBox=KV7028,KV7028,0018,40.0683881222,-74.1101658667,NJ,OCEAN,DD = SURVEY DISK,7 = SET IN TOP OF CONCRETE MONUMENT,20201026,GOOD,NJGS,8.8
20260103,http://www.ngs.noaa.gov/cgi-bin/ds_mark.prl?PidBox=KV7029,KV7029,0019,40.0950939778,-74.1429491250,NJ,OCEAN,DD = SURVEY DISK,7 = SET IN TOP OF CONCRETE MONUMENT,20150518,MARK NOT FOUND,BRICK,9.4
20260103,http://www.ngs.noaa.gov/cgi-bin/ds_mark.prl?PidBox=KV7030,KV7030,0020,40.0992327583,-74.1518875194,NJ,OCEAN,,,20201118,MARK NOT FOUND,NJGS,8.6
20260103,http://www.ngs.noaa.gov/cgi-bin/ds_mark.prl?PidBox=KV7031,KV7031,0021,40.0824587889,-74.1176865194,NJ,OCEAN,DD = SURVEY DISK,7 = SET IN TOP OF CONCRETE MONUMENT,20201026,GOOD,NJGS,9.5
20260103,http://www.ngs.noaa.gov/cgi-bin/ds_mark.prl?PidBox=KV7033,KV7033,0023,40.1028637722,-74.0928916667,NJ,OCEAN,,,20201028,MARK NOT FOUND,NJGS,1.4
20260103,http://www.ngs.noaa.gov/cgi-bin/ds_mark.prl?PidBox=KV7034,KV7034,0024,40.1095886278,-74.1005572417,NJ,OCEAN,DD = SURVEY DISK,7 = SET IN TOP OF CONCRETE MONUMENT,20201119,GOOD,NJGS,15.6
20260103,http://www.ngs.noaa.gov/cgi-bin/ds_mark.prl?PidBox=KV7036,KV7036,0026,40.1227025722,-74.1214195750,NJ,OCEAN,DD = SURVEY DISK,7 = SET IN TOP OF CONCRETE MONUMENT,1993,MONUMENTED,MCCRON,26.3
20260103,http://www.ngs.noaa.gov/cgi-bin/ds_mark.prl?PidBox=KV7037,KV7037,0027,40.1027260111,-74.1279915750,NJ,OCEAN,DD = SURVEY DISK,7 = SET IN TOP OF CONCRETE MONUMENT,20201118,GOOD,NJGS,14.5
20260103,http://www.ngs.noaa.gov/cgi-bin/ds_mark.prl?PidBox=KV7038,KV7038,0028,40.1102013972,-74.1357267750,NJ,OCEAN,DD = SURVEY DISK,7 = SET IN TOP OF CONCRETE MONUMENT,20201119,GOOD,NJGS,17.6
20260103,http://www.ngs.noaa.gov/cgi-bin/ds_mark.prl?PidBox=KV7039,KV7039,0029,40.0681533889,-74.1312806194,NJ,OCEAN,DD = SURVEY DISK,7 = SET IN TOP OF CONCRETE MONUMENT,20250428,GOOD,NJGS,8.5
20260103,http://www.ngs.noaa.gov/cgi-bin/ds_mark.prl?PidBox=KV7040,KV7040,0030,40.1378824361,-74.1098645222,NJ,MONMOUTH,DD = SURVEY DISK,7 = SET IN TOP OF CONCRETE MONUMENT,20220506,GOOD,NJGS,3.0
20260103,http://www.ngs.noaa.gov/cgi-bin/ds_mark.prl?PidBox=KV7041,KV7041,0031,40.1368162556,-74.1044298750,NJ,MONMOUTH,DD = SURVEY DISK,7 = SET IN TOP OF CONCRETE MONUMENT,20220803,GOOD,NJGS,8.6
20260103,http://www.ngs.noaa.gov/cgi-bin/ds_mark.prl?PidBox=DI3228,DI3228,0063,39.5211111111,-75.0500000000,NJ,CUMBERLAND,DD = SURVEY DISK,7 = SET IN TOP OF CONCRETE MONUMENT,20030603,GOOD,NJGS,24.292
20260103,http://www.ngs.noaa.gov/cgi-bin/ds_mark.prl?PidBox=DI3229,DI3229,0064,39.5219027778,-75.0677611111,NJ,CUMBERLAND,DD = SURVEY DISK,7 = SET IN TOP OF CONCRETE MONUMENT,20180227,GOOD,NJGS,24.630
20260103,http://www.ngs.noaa.gov/cgi-bin/ds_mark.prl?PidBox=AI8458,AI8458,01378570 A,40.8791666667,-74.0408333333,NJ,BERGEN,F = FLANGE-ENCASED ROD,59 = STAINLESS STEEL ROD IN SLEEVE (10 FT.+),20160426,GOOD,INDIV,1.495
20260103,http://www.ngs.noaa.gov/cgi-bin/ds_mark.prl?PidBox=AI8459,AI8459,01378570 B,40.8766666667,-74.0427777778,NJ,BERGEN,DO = NOT SPECIFIED OR SEE DESCRIPTION,36 = SET IN A MASSIVE STRUCTURE,20040317,GOOD,MACDEL,1.955
20260103,http://www.ngs.noaa.gov/cgi-bin/ds_mark.prl?PidBox=AI7796,AI7796,01392590 A,40.7329487778,-74.1538140250,NJ,ESSEX,F = FLANGE-ENCASED ROD,59 = STAINLESS STEEL ROD IN SLEEVE (10 FT.+),20250702,GOOD,AAAS,3.556
20260103,http://www.ngs.noaa.gov/cgi-bin/ds_mark.prl?PidBox=AI7797,AI7797,01392590 B,40.7338888889,-74.1600000000,NJ,ESSEX,DO = NOT SPECIFIED OR SEE DESCRIPTION,36 = SET IN A MASSIVE STRUCTURE,20140716,MARK NOT FOUND,DPKCON,2.102
20260103,http://www.ngs.noaa.gov/cgi-bin/ds_mark.prl?PidBox=AI8462,AI8462,01407080 A,40.4483361111,-74.1481583333,NJ,MONMOUTH,F = FLANGE-ENCASED ROD,59 = STAINLESS STEEL ROD IN SLEEVE (10 FT.+),20180822,GOOD,NJGS,1.779
20260103,http://www.ngs.noaa.gov/cgi-bin/ds_mark.prl?PidBox=AI8463,AI8463,01407080 B,40.4487500000,-74.1478666667,NJ,MONMOUTH,DO = NOT SPECIFIED OR SEE DESCRIPTION,37 = SET IN A MASSIVE RETAINING WALL,20180822,GOOD,NJGS,4.318
20260103,http://www.ngs.noaa.gov/cgi-bin/ds_mark.prl?PidBox=AI8464,AI8464,01407080 C,40.4487361111,-74.1476138889,NJ,MONMOUTH,DO = NOT SPECIFIED OR SEE DESCRIPTION,36 = SET IN A MASSIVE STRUCTURE,20180822,GOOD,NJGS,1.702
20260103,http://www.ngs.noaa.gov/cgi-bin/ds_mark.prl?PidBox=AI8465,AI8465,01407080 D,40.4488750000,-74.1475444444,NJ,MONMOUTH,DO = NOT SPECIFIED OR SEE DESCRIPTION,36 = SET IN A MASSIVE STRUCTURE,20180822,GOOD,NJGS,1.625
20260103,http://www.ngs.noaa.gov/cgi-bin/ds_mark.prl?PidBox=AI8466,AI8466,01407080 E,40.4489750000,-74.1474083333,NJ,MONMOUTH,DO = NOT SPECIFIED OR SEE DESCRIPTION,37 = SET IN A MASSIVE RETAINING WALL,20180822,GOOD,NJGS,1.727
20260103,http://www.ngs.noaa.gov/cgi-bin/ds_mark.prl?PidBox=AI8470,AI8470,01407600 A,40.3648111111,-73.9746861111,NJ,MONMOUTH,F = FLANGE-ENCASED ROD,59 = STAINLESS STEEL ROD IN SLEEVE (10 FT.+),20250822,GOOD,NJGS,2.005
20260103,http://www.ngs.noaa.gov/cgi-bin/ds_mark.prl?PidBox=AI8473,AI8473,01407770 A,40.1797222222,-74.0341666667,NJ,MONMOUTH,F = FLANGE-ENCASED ROD,59 = STAINLESS STEEL ROD IN SLEEVE (10 FT.+),20080725,GOOD,NJGS,1.877
20260103,http://www.ngs.noaa.gov/cgi-bin/ds_mark.prl?PidBox=AI8476,AI8476,01408050 A,40.1029888889,-74.0372972222,NJ,OCEAN,,,20180716,MARK NOT FOUND,NJGS,2.135
20260103,http://www.ngs.noaa.gov/cgi-bin/ds_mark.prl?PidBox=AI7811,AI7811,01408200 A,39.9385972222,-74.0812694444,NJ,OCEAN,F = FLANGE-ENCASED ROD,59 = STAINLESS STEEL ROD IN SLEEVE (10 FT.+),20160411,GOOD,NJGS,2.133
20260103,http://www.ngs.noaa.gov/cgi-bin/ds_mark.prl?PidBox=AI7812,AI7812,01408200 B,39.9390462194,-74.0800480250,NJ,OCEAN,F = FLANGE-ENCASED ROD,59 = STAINLESS STEEL ROD IN SLEEVE (10 FT.+),20190920,GOOD,NJGS,2.821
20260103,http://www.ngs.noaa.gov/cgi-bin/ds_mark.prl?PidBox=AI7813,AI7813,01408200 C,39.9413888889,-74.0819444444,NJ,OCEAN,DO = NOT SPECIFIED OR SEE DESCRIPTION,37 = SET IN A MASSIVE RETAINING WALL,20070808,GOOD,NJGS,9.920
20260103,http://www.ngs.noaa.gov/cgi-bin/ds_mark.prl?PidBox=AI7814,AI7814,01408200 D,39.9373472222,-74.0780750000,NJ,OCEAN,,,20160106,MARK NOT FOUND,NJGS,1.869
20260103,http://www.ngs.noaa.gov/cgi-bin/ds_mark.prl?PidBox=AI9346,AI9346,01409110 A,39.7911111111,-74.1808333333,NJ,OCEAN,F = FLANGE-ENCASED ROD,59 = STAINLESS STEEL ROD IN SLEEVE (10 FT.+),20040825,MARK NOT FOUND,USGS,1.576
20260103,http://www.ngs.noaa.gov/cgi-bin/ds_mark.prl?PidBox=AI9348,AI9348,01409110 C,39.7875000000,-74.1850000000,NJ,OCEAN,DD = SURVEY DISK,31 = SET IN A PAVEMENT SUCH AS STREET SIDEWALK CURB ETC.,1998,MONUMENTED,NJGS,1.135
20260103,http://www.ngs.noaa.gov/cgi-bin/ds_mark.prl?PidBox=AI9349,AI9349,01409110 D,39.7908333333,-74.1822222222,NJ,OCEAN,DD = SURVEY DISK,31 = SET IN A PAVEMENT SUCH AS STREET SIDEWALK CURB ETC.,20060601,GOOD,INDIV,1.237
20260103,http://www.ngs.noaa.gov/cgi-bin/ds_mark.prl?PidBox=AH9163,AH9163,01410510 A,39.4222944444,-74.5004055556,NJ,ATLANTIC,F = FLANGE-ENCASED ROD,59 = STAINLESS STEEL ROD IN SLEEVE (10 FT.+),20190208,GOOD,BASE9,1.936
20260103,http://www.ngs.noaa.gov/cgi-bin/ds_mark.prl?PidBox=AH9164,AH9164,01410510 B,39.4224305556,-74.5005500000,NJ,ATLANTIC,DD = SURVEY DISK,38 = SET IN THE ABUTMENT OR PIER OF A LARGE BRIDGE,20190208,GOOD,BASE9,2.342
20260103,http://www.ngs.noaa.gov/cgi-bin/ds_mark.prl?PidBox=AH9165,AH9165,01410510 C,39.4227305556,-74.5006527778,NJ,ATLANTIC,DD = SURVEY DISK,38 = SET IN THE ABUTMENT OR PIER OF A LARGE BRIDGE,20190208,GOOD,BASE9,2.333
20260103,http://www.ngs.noaa.gov/cgi-bin/ds_mark.prl?PidBox=AH9170,AH9170,01410560 A,39.3517750000,-74.4539750000,NJ,ATLANTIC,F = FLANGE-ENCASED ROD,59 = STAINLESS STEEL ROD IN SLEEVE (10 FT.+),20170518,GOOD,NJGS,2.009
20260103,http://www.ngs.noaa.gov/cgi-bin/ds_mark.prl?PidBox=AH9166,AH9166,01410560 B,39.3552916667,-74.4579111111,NJ,ATLANTIC,DD = SURVEY DISK,7 = SET IN TOP OF CONCRETE MONUMENT,20170518,GOOD,NJGS,1.626
20260103,http://www.ngs.noaa.gov/cgi-bin/ds_mark.prl?PidBox=AH9168,AH9168,01410560 C,39.3532250000,-74.4561833333,NJ,ATLANTIC,DD = SURVEY DISK,31 = SET IN A PAVEMENT SUCH AS STREET SIDEWALK CURB ETC.,20170518,GOOD,NJGS,3.307
20260103,http://www.ngs.noaa.gov/cgi-bin/ds_mark.prl?PidBox=AH9175,AH9175,01410600 A,39.3796338389,-74.4245339611,NJ,ATLANTIC,F = FLANGE-ENCASED ROD,59 = STAINLESS STEEL ROD IN SLEEVE (10 FT.+),20210609,GOOD,NJGS,1.556
20260103,http://www.ngs.noaa.gov/cgi-bin/ds_mark.prl?PidBox=AH9171,AH9171,01410600 B,39.3777416667,-74.4236138889,NJ,ATLANTIC,DO = NOT SPECIFIED OR SEE DESCRIPTION,35 = SET IN A MAT FOUNDATION OR CONCRETE SLAB OTHER THAN PAVEMENT,20170525,GOOD,NJGS,2.005
20260103,http://www.ngs.noaa.gov/cgi-bin/ds_mark.prl?PidBox=AH9173,AH9173,01410600 C,39.3784444444,-74.4232138889,NJ,ATLANTIC,DD = SURVEY DISK,35 = SET IN A MAT FOUNDATION OR CONCRETE SLAB OTHER THAN PAVEMENT,20170525,GOOD,NJGS,2.270
20260103,http://www.ngs.noaa.gov/cgi-bin/ds_mark.prl?PidBox=AH9172,AH9172,01410600 D,39.3769444444,-74.4227777778,NJ,ATLANTIC,,,20170306,MARK NOT FOUND,NJGS,2.101
20260103,http://www.ngs.noaa.gov/cgi-bin/ds_mark.prl?PidBox=AH9174,AH9174,01410600 E,39.3782611111,-74.4238694444,NJ,ATLANTIC,DD = SURVEY DISK,31 = SET IN A PAVEMENT SUCH AS STREET SIDEWALK CURB ETC.,20170525,GOOD,NJGS,2.235
20260103,http://www.ngs.noaa.gov/cgi-bin/ds_mark.prl?PidBox=AH9192,AH9192,01411318 A,39.2542777778,-74.6279166667,NJ,CAPE MAY,DD = SURVEY DISK,36 = SET IN A MASSIVE STRUCTURE,20061019,POOR,USGS,1.319
20260103,http://www.ngs.noaa.gov/cgi-bin/ds_mark.prl?PidBox=AH9193,AH9193,01411318 B,39.2538916667,-74.6295472222,NJ,CAPE MAY,DD = SURVEY DISK,34 = SET IN THE FOOTINGS OF SMALL/MEDIUM STRUCTURES,20140925,GOOD,NJGS,1.306
20260103,http://www.ngs.noaa.gov/cgi-bin/ds_mark.prl?PidBox=AH9194,AH9194,01411318 C,39.2534888889,-74.6297611111,NJ,CAPE MAY,DD = SURVEY DISK,36 = SET IN A MASSIVE STRUCTURE,20140925,GOOD,NJGS,2.249
20260103,http://www.ngs.noaa.gov/cgi-bin/ds_mark.prl?PidBox=AH9195,AH9195,01411318 D,39.2530555556,-74.6297222222,NJ,CAPE MAY,DD = SURVEY DISK,38 = SET IN THE ABUTMENT OR PIER OF A LARGE BRIDGE,20061019,MARK NOT FOUND,USGS,5.018
20260103,http://www.ngs.noaa.gov/cgi-bin/ds_mark.prl?PidBox=AH9196,AH9196,01411318 E,39.2545222222,-74.6314750000,NJ,CAPE MAY,DD = SURVEY DISK,31 = SET IN A PAVEMENT SUCH AS STREET SIDEWALK CURB ETC.,20140925,GOOD,NJGS,1.665
20260103,http://www.ngs.noaa.gov/cgi-bin/ds_mark.prl?PidBox=AI9360,AI9360,01411330 A,39.3372222222,-74.5133333333,NJ,ATLANTIC,DD = SURVEY DISK,38 = SET IN THE ABUTMENT OR PIER OF A LARGE BRIDGE,20030917,GOOD,USGS,2.800
20260103,http://www.ngs.noaa.gov/cgi-bin/ds_mark.prl?PidBox=AI9361,AI9361,01411330 B,39.3363888889,-74.5125000000,NJ,ATLANTIC,DD = SURVEY DISK,31 = SET IN A PAVEMENT SUCH AS STREET SIDEWALK CURB ETC.,20030917,GOOD,USGS,1.286
20260103,http://www.ngs.noaa.gov/cgi-bin/ds_mark.prl?PidBox=AI9362,AI9362,01411330 C,39.3334444444,-74.5090277778,NJ,ATLANTIC,DD = SURVEY DISK,35 = SET IN A MAT FOUNDATION OR CONCRETE SLAB OTHER THAN PAVEMENT,20030917,GOOD,USGS,2.181
20260103,http://www.ngs.noaa.gov/cgi-bin/ds_mark.prl?PidBox=AI9363,AI9363,01411330 D,39.3355555556,-74.5111111111,NJ,ATLANTIC,DD = SURVEY DISK,35 = SET IN A MAT FOUNDATION OR CONCRETE SLAB OTHER THAN PAVEMENT,20030917,GOOD,USGS,2.135
20260103,http://www.ngs.noaa.gov/cgi-bin/ds_mark.prl?PidBox=AI9364,AI9364,01411330 E,39.3318333333,-74.5069361111,NJ,ATLANTIC,F = FLANGE-ENCASED ROD,59 = STAINLESS STEEL ROD IN SLEEVE (10 FT.+),20180411,GOOD,NJGS,1.926
20260103,http://www.ngs.noaa.gov/cgi-bin/ds_mark.prl?PidBox=AI9365,AI9365,01411350 A,39.1580000000,-74.6976111111,NJ,CAPE MAY,DO = NOT SPECIFIED OR SEE DESCRIPTION,31 = SET IN A PAVEMENT SUCH AS STREET SIDEWALK CURB ETC.,20080716,POOR,UE,1.353
20260103,http://www.ngs.noaa.gov/cgi-bin/ds_mark.prl?PidBox=AI9366,AI9366,01411350 B,39.1581388889,-74.6966666667,NJ,CAPE MAY,DO = NOT SPECIFIED OR SEE DESCRIPTION,31 = SET IN A PAVEMENT SUCH AS STREET SIDEWALK CURB ETC.,20120516,GOOD,NJGS,4.752
20260103,http://www.ngs.noaa.gov/cgi-bin/ds_mark.prl?PidBox=AI9367,AI9367,01411350 C,39.1583023472,-74.6975756167,NJ,CAPE MAY,DD = SURVEY DISK,59 = STAINLESS STEEL ROD IN SLEEVE (10 FT.+),20200402,GOOD,NJGS,1.196
20260103,http://www.ngs.noaa.gov/cgi-bin/ds_mark.prl?PidBox=AI9372,AI9372,01411355 A,39.1105277778,-74.7341666667,NJ,CAPE MAY,DD = SURVEY DISK,35 = SET IN A MAT FOUNDATION OR CONCRETE SLAB OTHER THAN PAVEMENT,20081014,GOOD,GEOCAC,1.457
20260103,http://www.ngs.noaa.gov/cgi-bin/ds_mark.prl?PidBox=AI9373,AI9373,01411355 B,39.1100833333,-74.7344166667,NJ,CAPE MAY,DD = SURVEY DISK,35 = SET IN A MAT FOUNDATION OR CONCRETE SLAB OTHER THAN PAVEMENT,20081014,GOOD,GEOCAC,1.203
20260103,http://www.ngs.noaa.gov/cgi-bin/ds_mark.prl?PidBox=AI9374,AI9374,01411355 C,39.1107777778,-74.7348888889,NJ,CAPE MAY,DD = SURVEY DISK,31 = SET IN A PAVEMENT SUCH AS STREET SIDEWALK CURB ETC.,20240917,GOOD,BASE9,1.677
20260103,http://www.ngs.noaa.gov/cgi-bin/ds_mark.prl?PidBox=AI9375,AI9375,01411355 D,39.1102111111,-74.7346833333,NJ,CAPE MAY,DD = SURVEY DISK,35 = SET IN A MAT FOUNDATION OR CONCRETE SLAB OTHER THAN PAVEMENT,20240917,GOOD,BASE9,1.485
20260103,http://www.ngs.noaa.gov/cgi-bin/ds_mark.prl?PidBox=AI9376,AI9376,01411355 E,39.1094444444,-74.7355555556,NJ,CAPE MAY,DD = SURVEY DISK,35 = SET IN A MAT FOUNDATION OR CONCRETE SLAB OTHER THAN PAVEMENT,20030826,MARK NOT FOUND,USGS,1.327
20260103,http://www.ngs.noaa.gov/cgi-bin/ds_mark.prl?PidBox=AH9176,AH9176,01411360 A,39.0562416667,-74.7641944444,NJ,CAPE MAY,DD = SURVEY DISK,38 = SET IN THE ABUTMENT OR PIER OF A LARGE BRIDGE,20130613,GOOD,NJGS,2.185
20260103,http://www.ngs.noaa.gov/cgi-bin/ds_mark.prl?PidBox=AI9383,AI9383,01411382 A,38.9904138889,-74.8364555556,NJ,CAPE MAY,DD = SURVEY DISK,31 = SET IN A PAVEMENT SUCH AS STREET SIDEWALK CURB ETC.,20030909,GOOD,USGS,1.489
20260103,http://www.ngs.noaa.gov/cgi-bin/ds_mark.prl?PidBox=AI9384,AI9384,01411382 B,38.9912694444,-74.8372194444,NJ,CAPE MAY,DD = SURVEY DISK,35 = SET IN A MAT FOUNDATION OR CONCRETE SLAB OTHER THAN PAVEMENT,20071007,GOOD,GEOCAC,1.432
20260103,http://www.ngs.noaa.gov/cgi-bin/ds_mark.prl?PidBox=AI9385,AI9385,01411382 C,38.9892833333,-74.8369833333,NJ,CAPE MAY,DD = SURVEY DISK,31 = SET IN A PAVEMENT SUCH AS STREET SIDEWALK CURB ETC.,20071007,GOOD,GEOCAC,1.270
20260103,http://www.ngs.noaa.gov/cgi-bin/ds_mark.prl?PidBox=AI9386,AI9386,01411382 D,38.9893888889,-74.8373333333,NJ,CAPE MAY,DD = SURVEY DISK,31 = SET IN A PAVEMENT SUCH AS STREET SIDEWALK CURB ETC.,20071007,POOR,GEOCAC,1.347
20260103,http://www.ngs.noaa.gov/cgi-bin/ds_mark.prl?PidBox=AI9387,AI9387,01411382 E,38.9906444444,-74.8346416667,NJ,CAPE MAY,DD = SURVEY DISK,32 = SET IN A RETAINING WALL OR CONCRETE LEDGE,20071007,GOOD,GEOCAC,3.110
20260103,http://www.ngs.noaa.gov/cgi-bin/ds_mark.prl?PidBox=AI9391,AI9391,01411382 F,38.9813888889,-74.8191666667,NJ,CAPE MAY,F = FLANGE-ENCASED ROD,59 = STAINLESS STEEL ROD IN SLEEVE (10 FT.+),20030424,GOOD,NJGS,2.311
20260103,http://www.ngs.noaa.gov/cgi-bin/ds_mark.prl?PidBox=AI9405,AI9405,01411382 G,38.9902777778,-74.8330555556,NJ,CAPE MAY,DO = NOT SPECIFIED OR SEE DESCRIPTION,38 = SET IN THE ABUTMENT OR PIER OF A LARGE BRIDGE,20080515,GOOD,INDIV,9.657
20260103,http://www.ngs.noaa.gov/cgi-bin/ds_mark.prl?PidBox=AI9406,AI9406,01411382 H,38.9866388889,-74.8275555556,NJ,CAPE MAY,DD = SURVEY DISK,35 = SET IN A MAT FOUNDATION OR CONCRETE SLAB OTHER THAN PAVEMENT,20071007,GOOD,GEOCAC,1.880
20260103,http://www.ngs.noaa.gov/cgi-bin/ds_mark.prl?PidBox=AI9713,AI9713,01411435 A,39.1618555556,-74.8320638889,NJ,CAPE MAY,DD = SURVEY DISK,38 = SET IN THE ABUTMENT OR PIER OF A LARGE BRIDGE,20180511,GOOD,NJGS,2.299
20260103,http://www.ngs.noaa.gov/cgi-bin/ds_mark.prl?PidBox=AI9722,AI9722,01412150 A,39.2325000000,-75.0347222222,NJ,CUMBERLAND,DO = NOT SPECIFIED OR SEE DESCRIPTION,35 = SET IN A MAT FOUNDATION OR CONCRETE SLAB OTHER THAN PAVEMENT,20041022,POOR,USGS,1.422
20260103,http://www.ngs.noaa.gov/cgi-bin/ds_mark.prl?PidBox=AI9723,AI9723,01412150 C,39.2341666667,-75.0322222222,NJ,CUMBERLAND,DO = NOT SPECIFIED OR SEE DESCRIPTION,35 = SET IN A MAT FOUNDATION OR CONCRETE SLAB OTHER THAN PAVEMENT,20041022,GOOD,USGS,1.503
20260103,http://www.ngs.noaa.gov/cgi-bin/ds_mark.prl?PidBox=AI9724,AI9724,01412150 D,39.2452888889,-75.0297277778,NJ,CUMBERLAND,F = FLANGE-ENCASED ROD,59 = STAINLESS STEEL ROD IN SLEEVE (10 FT.+),20200501,GOOD,NJGS,3.004
20260103,http://www.ngs.noaa.gov/cgi-bin/ds_mark.prl?PidBox=AI9738,AI9738,01413038 A,39.3803055556,-75.3555000000,NJ,CUMBERLAND,DO = NOT SPECIFIED OR SEE DESCRIPTION,35 = SET IN A MAT FOUNDATION OR CONCRETE SLAB OTHER THAN PAVEMENT,20051028,GOOD,USGS,1.255
20260103,http://www.ngs.noaa.gov/cgi-bin/ds_mark.prl?PidBox=AI9739,AI9739,01413038 B,39.3794444444,-75.3559722222,NJ,CUMBERLAND,DD = SURVEY DISK,31 = SET IN A PAVEMENT SUCH AS STREET SIDEWALK CURB ETC.,20070703,GOOD,UE,1.944
20260103,http://www.ngs.noaa.gov/cgi-bin/ds_mark.prl?PidBox=AI9740,AI9740,01413038 C,39.3796944444,-75.3556666667,NJ,CUMBERLAND,DD = SURVEY DISK,35 = SET IN A MAT FOUNDATION OR CONCRETE SLAB OTHER THAN PAVEMENT,20070703,GOOD,UE,1.569
20260103,http://www.ngs.noaa.gov/cgi-bin/ds_mark.prl?PidBox=AI9741,AI9741,01413038 D,39.3784444444,-75.3563333333,NJ,CUMBERLAND,DD = SURVEY DISK,35 = SET IN A MAT FOUNDATION OR CONCRETE SLAB OTHER THAN PAVEMENT,20070703,GOOD,UE,1.487
20260103,http://www.ngs.noaa.gov/cgi-bin/ds_mark.prl?PidBox=AI9742,AI9742,01413038 E,39.3771277778,-75.3557805556,NJ,CUMBERLAND,DD = SURVEY DISK,36 = SET IN A MASSIVE STRUCTURE,20070703,GOOD,UE,1.266
20260103,http://www.ngs.noaa.gov/cgi-bin/ds_mark.prl?PidBox=AI9752,AI9752,01413038 F,39.3789444444,-75.3681666667,NJ,CUMBERLAND,F = FLANGE-ENCASED ROD,59 = STAINLESS STEEL ROD IN SLEEVE (10 FT.+),20070703,GOOD,UE,4.589
20260103,http://www.ngs.noaa.gov/cgi-bin/ds_mark.prl?PidBox=AI9754,AI9754,01464598 A,40.0747222222,-74.8758333333,NJ,BURLINGTON,DD = SURVEY DISK,40 = SET IN A LARGE STRUCTURE WITH DEEP FOUNDATIONS,1998,MONUMENTED,NJGS,2.938
20260103,http://www.ngs.noaa.gov/cgi-bin/ds_mark.prl?PidBox=AI9755,AI9755,01464598 B,40.0758333333,-74.8800000000,NJ,BURLINGTON,DD = SURVEY DISK,40 = SET IN A LARGE STRUCTURE WITH DEEP FOUNDATIONS,1998,MONUMENTED,NJGS,3.806
20260103,http://www.ngs.noaa.gov/cgi-bin/ds_mark.prl?PidBox=AB6699,AB6699,0777,40.3514666667,-74.6539694444,NJ,MERCER,DD = SURVEY DISK,31 = SET IN A PAVEMENT SUCH AS STREET SIDEWALK CURB ETC.,20221012,GOOD,NJGS,58.931
20260103,http://www.ngs.noaa.gov/cgi-bin/ds_mark.prl?PidBox=AB6697,AB6697,0784,40.3566666667,-74.6547222222,NJ,MERCER,DD = SURVEY DISK,31 = SET IN A PAVEMENT SUCH AS STREET SIDEWALK CURB ETC.,19950525,GOOD,NJGS,53.060
20260103,http://www.ngs.noaa.gov/cgi-bin/ds_mark.prl?PidBox=LY0684,LY0684,1,41.1086111111,-74.5900000000,NJ,SUSSEX,R = RIVET,30 = SET IN A LIGHT STRUCTURE,1934,GOOD,CGS,170.224
20260103,http://www.ngs.noaa.gov/cgi-bin/ds_mark.prl?PidBox=KV0894,KV0894,1,40.3291249528,-74.0123544194,NJ,MONMOUTH,,,20171106,MARK NOT FOUND,NJGS,1.433
20260103,http://www.ngs.noaa.gov/cgi-bin/ds_mark.prl?PidBox=DP5334,DP5334,1 3/09,39.1755722222,-74.6758888889,NJ,CAPE MAY,DD = SURVEY DISK,9 = POST (STONE OR PRECAST CONCRETE),20140804,GOOD,NJGS,1.888
20260103,http://www.ngs.noaa.gov/cgi-bin/ds_mark.prl?PidBox=JU4226,JU4226,1 A 1,39.4305932750,-74.7374116778,NJ,ATLANTIC,DD = SURVEY DISK,38 = SET IN THE ABUTMENT OR PIER OF A LARGE BRIDGE,20190718,GOOD,NJGS,1.913
20260103,http://www.ngs.noaa.gov/cgi-bin/ds_mark.prl?PidBox=DK6541,DK6541,1 A 2,39.6347222222,-74.8044444444,NJ,ATLANTIC,DD = SURVEY DISK,34 = SET IN THE FOOTINGS OF SMALL/MEDIUM STRUCTURES,20100324,GOOD,NJGS,30.829
20260103,http://www.ngs.noaa.gov/cgi-bin/ds_mark.prl?PidBox=DN8278,DN8278,1 A 3,39.4350750000,-74.5158500000,NJ,ATLANTIC,DD = SURVEY DISK,7 = SET IN TOP OF CONCRETE MONUMENT,20100510,GOOD,NJGS,5.276
20260103,http://www.ngs.noaa.gov/cgi-bin/ds_mark.prl?PidBox=DN8304,DN8304,1 A 4,39.4205555556,-74.4963888889,NJ,ATLANTIC,DD = SURVEY DISK,37 = SET IN A MASSIVE RETAINING WALL,20230301,MARK NOT FOUND,NJGS,0.874
20260103,http://www.ngs.noaa.gov/cgi-bin/ds_mark.prl?PidBox=DQ8257,DQ8257,1 A 5,39.3596416667,-74.4345500000,NJ,ATLANTIC,DD = SURVEY DISK,35 = SET IN A MAT FOUNDATION OR CONCRETE SLAB OTHER THAN PAVEMENT,20170518,MONUMENTED,NJGS,2.930
20260103,http://www.ngs.noaa.gov/cgi-bin/ds_mark.prl?PidBox=DQ8283,DQ8283,1 A 6,39.3669555556,-74.4725361111,NJ,ATLANTIC,DD = SURVEY DISK,31 = SET IN A PAVEMENT SUCH AS STREET SIDEWALK CURB ETC.,20240409,GOOD,NJGS,2.860
20260103,http://www.ngs.noaa.gov/cgi-bin/ds_mark.prl?PidBox=DR7228,DR7228,1 A 7,39.4175527778,-74.3528694444,NJ,ATLANTIC,DD = SURVEY DISK,31 = SET IN A PAVEMENT SUCH AS STREET SIDEWALK CURB ETC.,20210607,GOOD,NJGS,3.630
20260103,http://www.ngs.noaa.gov/cgi-bin/ds_mark.prl?PidBox=DR7233,DR7233,1 A 8,39.3902777778,-74.3959805556,NJ,ATLANTIC,DD = SURVEY DISK,7 = SET IN TOP OF CONCRETE MONUMENT,20210610,MONUMENTED,NJGS,2.104
20260103,http://www.ngs.noaa.gov/cgi-bin/ds_mark.prl?PidBox=JU4229,JU4229,1 B 1,39.3775000000,-74.7577777778,NJ,ATLANTIC,DD = SURVEY DISK,34 = SET IN THE FOOTINGS OF SMALL/MEDIUM STRUCTURES,1990,MONUMENTED,NJGS,7.667
20260103,http://www.ngs.noaa.gov/cgi-bin/ds_mark.prl?PidBox=DK6547,DK6547,1 B 2,39.6140500000,-74.8308250000,NJ,ATLANTIC,DD = SURVEY DISK,32 = SET IN A RETAINING WALL OR CONCRETE LEDGE,20191217,GOOD,NJGS,23.284
20260103,http://www.ngs.noaa.gov/cgi-bin/ds_mark.prl?PidBox=DN8302,DN8302,1 B 4,39.4228888889,-74.4991388889,NJ,ATLANTIC,DD = SURVEY DISK,38 = SET IN THE ABUTMENT OR PIER OF A LARGE BRIDGE,20100920,MONUMENTED,NJGS,2.644
20260103,http://www.ngs.noaa.gov/cgi-bin/ds_mark.prl?PidBox=DQ8258,DQ8258,1 B 5,39.3677527778,-74.4187666667,NJ,ATLANTIC,DD = SURVEY DISK,34 = SET IN THE FOOTINGS OF SMALL/MEDIUM STRUCTURES,20210427,GOOD,NJGS,1.443
20260103,http://www.ngs.noaa.gov/cgi-bin/ds_mark.prl?PidBox=DQ8284,DQ8284,1 B 6,39.3690583333,-74.4753166667,NJ,ATLANTIC,DD = SURVEY DISK,7 = SET IN TOP OF CONCRETE MONUMENT,20170505,GOOD,NJGS,2.048
20260103,http://www.ngs.noaa.gov/cgi-bin/ds_mark.prl?PidBox=DR7224,DR7224,1 B 7,39.4026416667,-74.3673277778,NJ,ATLANTIC,DD = SURVEY DISK,31 = SET IN A PAVEMENT SUCH AS STREET SIDEWALK CURB ETC.,20210604,GOOD,NJGS,2.851
20260103,http://www.ngs.noaa.gov/cgi-bin/ds_mark.prl?PidBox=DR7234,DR7234,1 B 8,39.3846944444,-74.4228805556,NJ,ATLANTIC,DD = SURVEY DISK,38 = SET IN THE ABUTMENT OR PIER OF A LARGE BRIDGE,20210617,MONUMENTED,NJGS,19.720
20260103,http://www.ngs.noaa.gov/cgi-bin/ds_mark.prl?PidBox=DK6546,DK6546,1 C 2,39.6186027778,-74.8234055556,NJ,ATLANTIC,DD = SURVEY DISK,34 = SET IN THE FOOTINGS OF SMALL/MEDIUM STRUCTURES,20191217,GOOD,NJGS,25.492
20260103,http://www.ngs.noaa.gov/cgi-bin/ds_mark.prl?PidBox=DN8279,DN8279,1 C 3,39.4333333333,-74.5133333333,NJ,ATLANTIC,DD = SURVEY DISK,7 = SET IN TOP OF CONCRETE MONUMENT,20100510,GOOD,NJGS,4.895
20260103,http://www.ngs.noaa.gov/cgi-bin/ds_mark.prl?PidBox=DN8303,DN8303,1 C 4,39.4208333333,-74.4977777778,NJ,ATLANTIC,DD = SURVEY DISK,7 = SET IN TOP OF CONCRETE MONUMENT,20100920,GOOD,NJGS,2.105
20260103,http://www.ngs.noaa.gov/cgi-bin/ds_mark.prl?PidBox=DQ8260,DQ8260,1 C 5,39.3580083333,-74.4222055556,NJ,ATLANTIC,DD = SURVEY DISK,35 = SET IN A MAT FOUNDATION OR CONCRETE SLAB OTHER THAN PAVEMENT,20170518,MONUMENTED,NJGS,3.851
20260103,http://www.ngs.noaa.gov/cgi-bin/ds_mark.prl?PidBox=DQ8285,DQ8285,1 C 6,39.3709583333,-74.4773750000,NJ,ATLANTIC,DD = SURVEY DISK,7 = SET IN TOP OF CONCRETE MONUMENT,20170505,GOOD,NJGS,2.178
20260103,http://www.ngs.noaa.gov/cgi-bin/ds_mark.prl?PidBox=DR7222,DR7222,1 C 7,39.3944472222,-74.3792722222,NJ,ATLANTIC,DD = SURVEY DISK,31 = SET IN A PAVEMENT SUCH AS STREET SIDEWALK CURB ETC.,20210607,GOOD,NJGS,2.810
20260103,http://www.ngs.noaa.gov/cgi-bin/ds_mark.prl?PidBox=DR7237,DR7237,1 C 8,39.3933305556,-74.4056944444,NJ,ATLANTIC,DD = SURVEY DISK,31 = SET IN A PAVEMENT SUCH AS STREET SIDEWALK CURB ETC.,20210714,MONUMENTED,NJGS,1.615
20260103,http://www.ngs.noaa.gov/cgi-bin/ds_mark.prl?PidBox=KV0156,KV0156,1 C OF P,40.9180555556,-74.1322222222,NJ,PASSAIC,X = CHISELED CROSS,30 = SET IN A LIGHT STRUCTURE,20060527,MARK NOT FOUND,GEOCAC,15.545
20260103,http://www.ngs.noaa.gov/cgi-bin/ds_mark.prl?PidBox=JU4357,JU4357,1 D 1,39.4812060083,-74.9203637917,NJ,ATLANTIC,DD = SURVEY DISK,7 = SET IN TOP OF CONCRETE MONUMENT,20190723,GOOD,NJGS,32.3
20260103,http://www.ngs.noaa.gov/cgi-bin/ds_mark.prl?PidBox=DK6545,DK6545,1 D 2,39.6247222222,-74.8163888889,NJ,ATLANTIC,DD = SURVEY DISK,31 = SET IN A PAVEMENT SUCH AS STREET SIDEWALK CURB ETC.,20100325,GOOD,NJGS,30.541
20260103,http://www.ngs.noaa.gov/cgi-bin/ds_mark.prl?PidBox=DN8280,DN8280,1 D 3,39.4308333333,-74.5097222222,NJ,ATLANTIC,DD = SURVEY DISK,7 = SET IN TOP OF CONCRETE MONUMENT,20100510,GOOD,NJGS,4.023
20260103,http://www.ngs.noaa.gov/cgi-bin/ds_mark.prl?PidBox=DN8305,DN8305,1 D 4,39.4272222222,-74.5058333333,NJ,ATLANTIC,DD = SURVEY DISK,38 = SET IN THE ABUTMENT OR PIER OF A LARGE BRIDGE,20161206,GOOD,NJGS,4.566
20260103,http://www.ngs.noaa.gov/cgi-bin/ds_mark.prl?PidBox=DQ8261,DQ8261,1 D 5,39.3624416667,-74.4220944444,NJ,ATLANTIC,DD = SURVEY DISK,35 = SET IN A MAT FOUNDATION OR CONCRETE SLAB OTHER THAN PAVEMENT,20170518,MONUMENTED,NJGS,2.146
20260103,http://www.ngs.noaa.gov/cgi-bin/ds_mark.prl?PidBox=DQ8286,DQ8286,1 D 6,39.3732083333,-74.4801361111,NJ,ATLANTIC,DD = SURVEY DISK,32 = SET IN A RETAINING WALL OR CONCRETE LEDGE,20170522,MONUMENTED,NJGS,2.104
20260103,http://www.ngs.noaa.gov/cgi-bin/ds_mark.prl?PidBox=DR7221,DR7221,1 D 7,39.3891833333,-74.3884694444,NJ,ATLANTIC,DD = SURVEY DISK,31 = SET IN A PAVEMENT SUCH AS STREET SIDEWALK CURB ETC.,20210604,GOOD,NJGS,2.761
20260103,http://www.ngs.noaa.gov/cgi-bin/ds_mark.prl?PidBox=KV1570,KV1570,1 DLWRR,40.9483333333,-75.0600000000,NJ,WARREN,B = BOLT,36 = SET IN A MASSIVE STRUCTURE,20210219,MARK NOT FOUND,NJGS,123.890
20260103,http://www.ngs.noaa.gov/cgi-bin/ds_mark.prl?PidBox=JU4358,JU4358,1 E 1,39.5583629917,-74.8915767222,NJ,ATLANTIC,DD = SURVEY DISK,7 = SET IN TOP OF CONCRETE MONUMENT,20240723,GOOD,AAAS,30.1
20260103,http://www.ngs.noaa.gov/cgi-bin/ds_mark.prl?PidBox=DM6017,DM6017,1 E 2,39.5050000000,-74.6791666667,NJ,ATLANTIC,DD = SURVEY DISK,9 = POST (STONE OR PRECAST CONCRETE),20070820,GOOD,NJGS,18.242
20260103,http://www.ngs.noaa.gov/cgi-bin/ds_mark.prl?PidBox=DN8281,DN8281,1 E 3,39.4288888889,-74.5069444444,NJ,ATLANTIC,DD = SURVEY DISK,7 = SET IN TOP OF CONCRETE MONUMENT,20100510,GOOD,NJGS,2.993
20260103,http://www.ngs.noaa.gov/cgi-bin/ds_mark.prl?PidBox=DN8306,DN8306,1 E 4,39.4152777778,-74.4911111111,NJ,ATLANTIC,DD = SURVEY DISK,34 = SET IN THE FOOTINGS OF SMALL/MEDIUM STRUCTURES,20100920,MONUMENTED,NJGS,2.171
20260103,http://www.ngs.noaa.gov/cgi-bin/ds_mark.prl?PidBox=DQ8262,DQ8262,1 E 5,39.3649194444,-74.4172750000,NJ,ATLANTIC,DD = SURVEY DISK,34 = SET IN THE FOOTINGS OF SMALL/MEDIUM STRUCTURES,20170518,MONUMENTED,NJGS,1.933
20260103,http://www.ngs.noaa.gov/cgi-bin/ds_mark.prl?PidBox=DQ8287,DQ8287,1 E 6,39.3755555556,-74.4833944444,NJ,ATLANTIC,DD = SURVEY DISK,37 = SET IN A MASSIVE RETAINING WALL,20240423,GOOD,NJGS,2.794
20260103,http://www.ngs.noaa.gov/cgi-bin/ds_mark.prl?PidBox=DR7220,DR7220,1 E 7,39.3813500000,-74.4028777778,NJ,ATLANTIC,DD = SURVEY DISK,31 = SET IN A PAVEMENT SUCH AS STREET SIDEWALK CURB ETC.,20210604,GOOD,NJGS,2.037
20260103,http://www.ngs.noaa.gov/cgi-bin/ds_mark.prl?PidBox=JU4359,JU4359,1 F 1,39.6033749028,-74.8460637611,NJ,ATLANTIC,DD = SURVEY DISK,7 = SET IN TOP OF CONCRETE MONUMENT,20050526,MARK NOT FOUND,ACT,28.4
20260103,http://www.ngs.noaa.gov/cgi-bin/ds_mark.prl?PidBox=DM6022,DM6022,1 F 2,39.5263888889,-74.6480555556,NJ,ATLANTIC,DD = SURVEY DISK,36 = SET IN A MASSIVE STRUCTURE,20070821,MONUMENTED,NJGS,18.412
20260103,http://www.ngs.noaa.gov/cgi-bin/ds_mark.prl?PidBox=DN8282,DN8282,1 F 3,39.4285055556,-74.5065055556,NJ,ATLANTIC,DD = SURVEY DISK,7 = SET IN TOP OF CONCRETE MONUMENT,20240207,GOOD,NJGS,2.665
20260103,http://www.ngs.noaa.gov/cgi-bin/ds_mark.prl?PidBox=DN8308,DN8308,1 F 4,39.4094888889,-74.4918750000,NJ,ATLANTIC,DD = SURVEY DISK,38 = SET IN THE ABUTMENT OR PIER OF A LARGE BRIDGE,20170807,GOOD,PBCONS,1.933
20260103,http://www.ngs.noaa.gov/cgi-bin/ds_mark.prl?PidBox=DQ8263,DQ8263,1 F 5,39.3666833333,-74.4137055556,NJ,ATLANTIC,DD = SURVEY DISK,7 = SET IN TOP OF CONCRETE MONUMENT,20210526,GOOD,NJGS,2.072
20260103,http://www.ngs.noaa.gov/cgi-bin/ds_mark.prl?PidBox=DQ8288,DQ8288,1 F 6,39.3775166667,-74.4873444444,NJ,ATLANTIC,DD = SURVEY DISK,7 = SET IN TOP OF CONCRETE MONUMENT,20170523,GOOD,NJGS,2.246
20260103,http://www.ngs.noaa.gov/cgi-bin/ds_mark.prl?PidBox=DR7239,DR7239,1 F 7,39.3867638889,-74.4184472222,NJ,ATLANTIC,R = RIVET,9 = POST (STONE OR PRECAST CONCRETE),20210507,GOOD,NJGS,3.055
20260103,http://www.ngs.noaa.gov/cgi-bin/ds_mark.prl?PidBox=AB6707,AB6707,1 G 1,39.6604166667,-74.7735000000,NJ,ATLANTIC,DD = SURVEY DISK,7 = SET IN TOP OF CONCRETE MONUMENT,20170629,GOOD,NJGS,20.579
20260103,http://www.ngs.noaa.gov/cgi-bin/ds_mark.prl?PidBox=DM6024,DM6024,1 G 2,39.5316666667,-74.6519444444,NJ,ATLANTIC,DD = SURVEY DISK,34 = SET IN THE FOOTINGS OF SMALL/MEDIUM STRUCTURES,20070821,MONUMENTED,NJGS,18.955
20260103,http://www.ngs.noaa.gov/cgi-bin/ds_mark.prl?PidBox=DN8283,DN8283,1 G 3,39.4266666667,-74.5038888889,NJ,ATLANTIC,DD = SURVEY DISK,7 = SET IN TOP OF CONCRETE MONUMENT,20100510,GOOD,NJGS,5.166
20260103,http://www.ngs.noaa.gov/cgi-bin/ds_mark.prl?PidBox=DN8307,DN8307,1 G 4,39.4126555556,-74.4916555556,NJ,ATLANTIC,DD = SURVEY DISK,7 = SET IN TOP OF CONCRETE MONUMENT,20140226,GOOD,WATER,1.589
20260103,http://www.ngs.noaa.gov/cgi-bin/ds_mark.prl?PidBox=DQ8264,DQ8264,1 G 5,39.3644138889,-74.4105166667,NJ,ATLANTIC,DD = SURVEY DISK,35 = SET IN A MAT FOUNDATION OR CONCRETE SLAB OTHER THAN PAVEMENT,20170525,MONUMENTED,NJGS,3.731
20260103,http://www.ngs.noaa.gov/cgi-bin/ds_mark.prl?PidBox=DQ8289,DQ8289,1 G 6,39.3803444444,-74.4942500000,NJ,ATLANTIC,DD = SURVEY DISK,7 = SET IN TOP OF CONCRETE MONUMENT,20170523,GOOD,NJGS,1.554
20260103,http://www.ngs.noaa.gov/cgi-bin/ds_mark.prl?PidBox=DR7229,DR7229,1 G 7,39.4156611111,-74.3559638889,NJ,ATLANTIC,DD = SURVEY DISK,31 = SET IN A PAVEMENT SUCH AS STREET SIDEWALK CURB ETC.,20220505,GOOD,NJGS,1.400
20260103,http://www.ngs.noaa.gov/cgi-bin/ds_mark.prl?PidBox=AB6708,AB6708,1 H 1,39.6641388889,-74.7691666667,NJ,ATLANTIC,DD = SURVEY DISK,32 = SET IN A RETAINING WALL OR CONCRETE LEDGE,20170629,GOOD,NJGS,19.593
20260103,http://www.ngs.noaa.gov/cgi-bin/ds_mark.prl?PidBox=DM6023,DM6023,1 H 2,39.5291666667,-74.6475000000,NJ,ATLANTIC,DD = SURVEY DISK,31 = SET IN A PAVEMENT SUCH AS STREET SIDEWALK CURB ETC.,20070821,MONUMENTED,NJGS,17.539
20260103,http://www.ngs.noaa.gov/cgi-bin/ds_mark.prl?PidBox=DN8284,DN8284,1 H 3,39.4253583333,-74.5024305556,NJ,ATLANTIC,DD = SURVEY DISK,7 = SET IN TOP OF CONCRETE MONUMENT,20230403,GOOD,NJGS,5.340
20260103,http://www.ngs.noaa.gov/cgi-bin/ds_mark.prl?PidBox=DN8309,DN8309,1 H 4,39.4674166667,-74.5955166667,NJ,ATLANTIC,DD = SURVEY DISK,32 = SET IN A RETAINING WALL OR CONCRETE LEDGE,20190725,GOOD,NJGS,21.589
20260103,http://www.ngs.noaa.gov/cgi-bin/ds_mark.prl?PidBox=DQ8265,DQ8265,1 H 5,39.3745972222,-74.4437250000,NJ,ATLANTIC,DD = SURVEY DISK,38 = SET IN THE ABUTMENT OR PIER OF A LARGE BRIDGE,20230801,GOOD,NJGS,2.701
20260103,http://www.ngs.noaa.gov/cgi-bin/ds_mark.prl?PidBox=DQ8290,DQ8290,1 H 6,39.3838833333,-74.5030527778,NJ,ATLANTIC,DD = SURVEY DISK,7 = SET IN TOP OF CONCRETE MONUMENT,20170523,GOOD,NJGS,1.296
20260103,http://www.ngs.noaa.gov/cgi-bin/ds_mark.prl?PidBox=DR7230,DR7230,1 H 7,39.4077888889,-74.3628000000,NJ,ATLANTIC,DD = SURVEY DISK,31 = SET IN A PAVEMENT SUCH AS STREET SIDEWALK CURB ETC.,20210607,MONUMENTED,NJGS,2.669
20260103,http://www.ngs.noaa.gov/cgi-bin/ds_mark.prl?PidBox=AB6709,AB6709,1 J 1,39.6647222222,-74.7575000000,NJ,ATLANTIC,DD = SURVEY DISK,31 = SET IN A PAVEMENT SUCH AS STREET SIDEWALK CURB ETC.,1995,MONUMENTED,NJGS,19.345
20260103,http://www.ngs.noaa.gov/cgi-bin/ds_mark.prl?PidBox=DM6015,DM6015,1 J 2,39.4869972222,-74.6992972222,NJ,ATLANTIC,DD = SURVEY DISK,32 = SET IN A RETAINING WALL OR CONCRETE LEDGE,20180510,GOOD,NJGS,13.247
20260103,http://www.ngs.noaa.gov/cgi-bin/ds_mark.prl?PidBox=DN8285,DN8285,1 J 3,39.4244444444,-74.5011111111,NJ,ATLANTIC,DD = SURVEY DISK,7 = SET IN TOP OF CONCRETE MONUMENT,20100510,GOOD,NJGS,5.585
20260103,http://www.ngs.noaa.gov/cgi-bin/ds_mark.prl?PidBox=DN8310,DN8310,1 J 4,39.4777777778,-74.5483333333,NJ,ATLANTIC,DD = SURVEY DISK,34 = SET IN THE FOOTINGS OF SMALL/MEDIUM STRUCTURES,20101013,MONUMENTED,NJGS,21.797
20260103,http://www.ngs.noaa.gov/cgi-bin/ds_mark.prl?PidBox=DQ8266,DQ8266,1 J 5,39.3739777778,-74.4417972222,NJ,ATLANTIC,DD = SURVEY DISK,7 = SET IN TOP OF CONCRETE MONUMENT,20210520,GOOD,NJGS,1.842
20260103,http://www.ngs.noaa.gov/cgi-bin/ds_mark.prl?PidBox=DQ8291,DQ8291,1 J 6,39.3864027778,-74.5114000000,NJ,ATLANTIC,DD = SURVEY DISK,7 = SET IN TOP OF CONCRETE MONUMENT,20230801,GOOD,NJGS,1.622
20260103,http://www.ngs.noaa.gov/cgi-bin/ds_mark.prl?PidBox=DR7223,DR7223,1 J 7,39.3989694444,-74.3734777778,NJ,ATLANTIC,DD = SURVEY DISK,31 = SET IN A PAVEMENT SUCH AS STREET SIDEWALK CURB ETC.,20210604,MONUMENTED,NJGS,2.640
20260103,http://www.ngs.noaa.gov/cgi-bin/ds_mark.prl?PidBox=AB6717,AB6717,1 K 1,39.6494444444,-74.8291666667,NJ,ATLANTIC,DD = SURVEY DISK,7 = SET IN TOP OF CONCRETE MONUMENT,20070421,GOOD,UE,40.094
20260103,http://www.ngs.noaa.gov/cgi-bin/ds_mark.prl?PidBox=DM6025,DM6025,1 K 2,39.4780555556,-74.7091666667,NJ,ATLANTIC,DD = SURVEY DISK,34 = SET IN THE FOOTINGS OF SMALL/MEDIUM STRUCTURES,20120411,GOOD,INDIV,9.132
20260103,http://www.ngs.noaa.gov/cgi-bin/ds_mark.prl?PidBox=DN8286,DN8286,1 K 3,39.4300444444,-74.5042694444,NJ,ATLANTIC,DD = SURVEY DISK,7 = SET IN TOP OF CONCRETE MONUMENT,20180710,GOOD,NJGS,6.292
20260103,http://www.ngs.noaa.gov/cgi-bin/ds_mark.prl?PidBox=DQ7319,DQ7319,1 K 4,39.3075805556,-74.5986972222,NJ,ATLANTIC,DD = SURVEY DISK,38 = SET IN THE ABUTMENT OR PIER OF A LARGE BRIDGE,20170814,MONUMENTED,NJGS,6.031
20260103,http://www.ngs.noaa.gov/cgi-bin/ds_mark.prl?PidBox=DQ8267,DQ8267,1 K 5,39.3775888889,-74.4304527778,NJ,ATLANTIC,DD = SURVEY DISK,36 = SET IN A MASSIVE STRUCTURE,20210512,GOOD,NJGS,2.485
20260103,http://www.ngs.noaa.gov/cgi-bin/ds_mark.prl?PidBox=DQ8292,DQ8292,1 K 6,39.3866138889,-74.5146194444,NJ,ATLANTIC,DD = SURVEY DISK,7 = SET IN TOP OF CONCRETE MONUMENT,20170523,GOOD,NJGS,1.937
20260103,http://www.ngs.noaa.gov/cgi-bin/ds_mark.prl?PidBox=DR7219,DR7219,1 K 7,39.3887861111,-74.4040138889,NJ,ATLANTIC,DD = SURVEY DISK,31 = SET IN A PAVEMENT SUCH AS STREET SIDEWALK CURB ETC.,20210525,MONUMENTED,NJGS,2.271
20260103,http://www.ngs.noaa.gov/cgi-bin/ds_mark.prl?PidBox=AI4370,AI4370,1 L 1,39.6078711556,-74.8361538583,NJ,ATLANTIC,DD = SURVEY DISK,36 = SET IN A MASSIVE STRUCTURE,20191217,GOOD,NJGS,22.420
20260103,http://www.ngs.noaa.gov/cgi-bin/ds_mark.prl?PidBox=DN8292,DN8292,1 L 3,39.4758333333,-74.5383333333,NJ,ATLANTIC,DD = SURVEY DISK,34 = SET IN THE FOOTINGS OF SMALL/MEDIUM STRUCTURES,20100513,MONUMENTED,NJGS,20.174
20260103,http://www.ngs.noaa.gov/cgi-bin/ds_mark.prl?PidBox=DQ7318,DQ7318,1 L 4,39.3089333333,-74.5990416667,NJ,ATLANTIC,DD = SURVEY DISK,35 = SET IN A MAT FOUNDATION OR CONCRETE SLAB OTHER THAN PAVEMENT,20170123,MONUMENTED,NJGS,3.445
20260103,http://www.ngs.noaa.gov/cgi-bin/ds_mark.prl?PidBox=DQ8268,DQ8268,1 L 5,39.3720583333,-74.4323055556,NJ,ATLANTIC,DD = SURVEY DISK,36 = SET IN A MASSIVE STRUCTURE,20210520,GOOD,NJGS,1.983
20260103,http://www.ngs.noaa.gov/cgi-bin/ds_mark.prl?PidBox=DQ8293,DQ8293,1 L 6,39.3877972222,-74.5179055556,NJ,ATLANTIC,DD = SURVEY DISK,7 = SET IN TOP OF CONCRETE MONUMENT,20170523,GOOD,NJGS,2.088
20260103,http://www.ngs.noaa.gov/cgi-bin/ds_mark.prl?PidBox=DR7218,DR7218,1 L 7,39.3931444444,-74.3973694444,NJ,ATLANTIC,DD = SURVEY DISK,34 = SET IN THE FOOTINGS OF SMALL/MEDIUM STRUCTURES,20210525,MONUMENTED,NJGS,1.547
20260103,http://www.ngs.noaa.gov/cgi-bin/ds_mark.prl?PidBox=AM6974,AM6974,1 M 1,39.3164333333,-74.5851888889,NJ,ATLANTIC,DD = SURVEY DISK,36 = SET IN A MASSIVE STRUCTURE,20180424,GOOD,NJGS,3.256
20260103,http://www.ngs.noaa.gov/cgi-bin/ds_mark.prl?PidBox=DN8265,DN8265,1 M 2,39.4740555556,-74.5272027778,NJ,ATLANTIC,DD = SURVEY DISK,32 = SET IN A RETAINING WALL OR CONCRETE LEDGE,20180525,GOOD,NJGS,17.117
20260103,http://www.ngs.noaa.gov/cgi-bin/ds_mark.prl?PidBox=DN8294,DN8294,1 M 3,39.4797222222,-74.5619444444,NJ,ATLANTIC,DD = SURVEY DISK,31 = SET IN A PAVEMENT SUCH AS STREET SIDEWALK CURB ETC.,20100513,MONUMENTED,NJGS,19.112
20260103,http://www.ngs.noaa.gov/cgi-bin/ds_mark.prl?PidBox=DQ7315,DQ7315,1 M 4,39.3120583333,-74.6127833333,NJ,ATLANTIC,DD = SURVEY DISK,35 = SET IN A MAT FOUNDATION OR CONCRETE SLAB OTHER THAN PAVEMENT,20170814,MONUMENTED,NJGS,2.212
20260103,http://www.ngs.noaa.gov/cgi-bin/ds_mark.prl?PidBox=DQ8269,DQ8269,1 M 5,39.3705750000,-74.4309083333,NJ,ATLANTIC,DD = SURVEY DISK,36 = SET IN A MASSIVE STRUCTURE,20210520,GOOD,NJGS,1.738
20260103,http://www.ngs.noaa.gov/cgi-bin/ds_mark.prl?PidBox=DQ8294,DQ8294,1 M 6,39.3884527778,-74.5197611111,NJ,ATLANTIC,DD = SURVEY DISK,7 = SET IN TOP OF CONCRETE MONUMENT,20170523,GOOD,NJGS,2.592
20260103,http://www.ngs.noaa.gov/cgi-bin/ds_mark.prl?PidBox=DR7217,DR7217,1 M 7,39.3943750000,-74.3979027778,NJ,ATLANTIC,DD = SURVEY DISK,35 = SET IN A MAT FOUNDATION OR CONCRETE SLAB OTHER THAN PAVEMENT,20210525,MONUMENTED,NJGS,1.776
20260103,http://www.ngs.noaa.gov/cgi-bin/ds_mark.prl?PidBox=AM6975,AM6975,1 N 1,39.3141111111,-74.5711666667,NJ,ATLANTIC,DD = SURVEY DISK,31 = SET IN A PAVEMENT SUCH AS STREET SIDEWALK CURB ETC.,20111109,GOOD,INDIV,3.057
20260103,http://www.ngs.noaa.gov/cgi-bin/ds_mark.prl?PidBox=DN8266,DN8266,1 N 2,39.4727611111,-74.5178666667,NJ,ATLANTIC,DD = SURVEY DISK,31 = SET IN A PAVEMENT SUCH AS STREET SIDEWALK CURB ETC.,20100507,MONUMENTED,NJGS,19.129
20260103,http://www.ngs.noaa.gov/cgi-bin/ds_mark.prl?PidBox=DN8293,DN8293,1 N 3,39.4808333333,-74.5700000000,NJ,ATLANTIC,DD = SURVEY DISK,31 = SET IN A PAVEMENT SUCH AS STREET SIDEWALK CURB ETC.,20100513,MONUMENTED,NJGS,18.449
20260103,http://www.ngs.noaa.gov/cgi-bin/ds_mark.prl?PidBox=DQ7316,DQ7316,1 N 4,39.3110111111,-74.6089333333,NJ,ATLANTIC,DD = SURVEY DISK,32 = SET IN A RETAINING WALL OR CONCRETE LEDGE,20170814,MONUMENTED,NJGS,0.978
20260103,http://www.ngs.noaa.gov/cgi-bin/ds_mark.prl?PidBox=DQ8270,DQ8270,1 N 5,39.3768000000,-74.4499972222,NJ,ATLANTIC,DD = SURVEY DISK,36 = SET IN A MASSIVE STRUCTURE,20170518,MONUMENTED,NJGS,3.431
20260103,http://www.ngs.noaa.gov/cgi-bin/ds_mark.prl?PidBox=DQ8295,DQ8295,1 N 6,39.3910555556,-74.5264388889,NJ,ATLANTIC,DD = SURVEY DISK,7 = SET IN TOP OF CONCRETE MONUMENT,20170523,GOOD,NJGS,7.526
20260103,http://www.ngs.noaa.gov/cgi-bin/ds_mark.prl?PidBox=DR7238,DR7238,1 N 7,39.3946500000,-74.3980777778,NJ,ATLANTIC,DD = SURVEY DISK,31 = SET IN A PAVEMENT SUCH AS STREET SIDEWALK CURB ETC.,20210526,MONUMENTED,NJGS,1.864
20260103,http://www.ngs.noaa.gov/cgi-bin/ds_mark.prl?PidBox=AM6976,AM6976,1 P 1,39.3140833333,-74.5682500000,NJ,ATLANTIC,DD = SURVEY DISK,31 = SET IN A PAVEMENT SUCH AS STREET SIDEWALK CURB ETC.,20111109,GOOD,INDIV,3.018
20260103,http://www.ngs.noaa.gov/cgi-bin/ds_mark.prl?PidBox=DN8267,DN8267,1 P 2,39.4666666667,-74.5163888889,NJ,ATLANTIC,DD = SURVEY DISK,31 = SET IN A PAVEMENT SUCH AS STREET SIDEWALK CURB ETC.,20100507,MONUMENTED,NJGS,15.046
20260103,http://www.ngs.noaa.gov/cgi-bin/ds_mark.prl?PidBox=DN8298,DN8298,1 P 3,39.4772555556,-74.5776611111,NJ,ATLANTIC,DD = SURVEY DISK,7 = SET IN TOP OF CONCRETE MONUMENT,20100520,MONUMENTED,NJGS,20.013
20260103,http://www.ngs.noaa.gov/cgi-bin/ds_mark.prl?PidBox=DQ7317,DQ7317,1 P 4,39.3098277778,-74.6041500000,NJ,ATLANTIC,DD = SURVEY DISK,31 = SET IN A PAVEMENT SUCH AS STREET SIDEWALK CURB ETC.,20170814,MONUMENTED,NJGS,2.592
20260103,http://www.ngs.noaa.gov/cgi-bin/ds_mark.prl?PidBox=DQ8271,DQ8271,1 P 5,39.3762694444,-74.4480138889,NJ,ATLANTIC,DD = SURVEY DISK,35 = SET IN A MAT FOUNDATION OR CONCRETE SLAB OTHER THAN PAVEMENT,20210727,GOOD,NJGS,2.035
20260103,http://www.ngs.noaa.gov/cgi-bin/ds_mark.prl?PidBox=DQ8296,DQ8296,1 P 6,39.3916527778,-74.5280444444,NJ,ATLANTIC,DD = SURVEY DISK,7 = SET IN TOP OF CONCRETE MONUMENT,20170523,GOOD,NJGS,8.579
20260103,http://www.ngs.noaa.gov/cgi-bin/ds_mark.prl?PidBox=DR7244,DR7244,1 P 7,39.4110888889,-74.3660611111,NJ,ATLANTIC,DD = SURVEY DISK,31 = SET IN A PAVEMENT SUCH AS STREET SIDEWALK CURB ETC.,20210602,MONUMENTED,NJGS,1.350
20260103,http://www.ngs.noaa.gov/cgi-bin/ds_mark.prl?PidBox=AM6977,AM6977,1 Q 1,39.3125555556,-74.5540000000,NJ,ATLANTIC,DD = SURVEY DISK,7 = SET IN TOP OF CONCRETE MONUMENT,20111109,GOOD,INDIV,4.952
20260103,http://www.ngs.noaa.gov/cgi-bin/ds_mark.prl?PidBox=DN8268,DN8268,1 Q 2,39.4591666667,-74.5252777778,NJ,ATLANTIC,DD = SURVEY DISK,7 = SET IN TOP OF CONCRETE MONUMENT,20100507,MONUMENTED,NJGS,17.910
20260103,http://www.ngs.noaa.gov/cgi-bin/ds_mark.prl?PidBox=DN8295,DN8295,1 Q 3,39.4691666667,-74.5958333333,NJ,ATLANTIC,DD = SURVEY DISK,34 = SET IN THE FOOTINGS OF SMALL/MEDIUM STRUCTURES,20100513,MONUMENTED,NJGS,21.109
20260103,http://www.ngs.noaa.gov/cgi-bin/ds_mark.prl?PidBox=DQ7314,DQ7314,1 Q 4,39.3097472222,-74.6170000000,NJ,ATLANTIC,DD = SURVEY DISK,31 = SET IN A PAVEMENT SUCH AS STREET SIDEWALK CURB ETC.,20170814,MONUMENTED,NJGS,3.720
20260103,http://www.ngs.noaa.gov/cgi-bin/ds_mark.prl?PidBox=DQ8272,DQ8272,1 Q 5,39.3823666667,-74.4267361111,NJ,ATLANTIC,DD = SURVEY DISK,7 = SET IN TOP OF CONCRETE MONUMENT,20210527,GOOD,NJGS,2.777
20260103,http://www.ngs.noaa.gov/cgi-bin/ds_mark.prl?PidBox=DQ8297,DQ8297,1 Q 6,39.3984083333,-74.5166750000,NJ,ATLANTIC,DD = SURVEY DISK,38 = SET IN THE ABUTMENT OR PIER OF A LARGE BRIDGE,20170525,MONUMENTED,NJGS,10.003
20260103,http://www.ngs.noaa.gov/cgi-bin/ds_mark.prl?PidBox=DR7243,DR7243,1 Q 7,39.4085083333,-74.3697555556,NJ,ATLANTIC,DD = SURVEY DISK,31 = SET IN A PAVEMENT SUCH AS STREET SIDEWALK CURB ETC.,20210602,MONUMENTED,NJGS,1.270
20260103,http://www.ngs.noaa.gov/cgi-bin/ds_mark.prl?PidBox=AM6978,AM6978,1 R 1,39.3126944444,-74.5442222222,NJ,ATLANTIC,DD = SURVEY DISK,38 = SET IN THE ABUTMENT OR PIER OF A LARGE BRIDGE,20200605,GOOD,NJGS,4.092
20260103,http://www.ngs.noaa.gov/cgi-bin/ds_mark.prl?PidBox=DN8269,DN8269,1 R 2,39.4536111111,-74.5311111111,NJ,ATLANTIC,DD = SURVEY DISK,31 = SET IN A PAVEMENT SUCH AS STREET SIDEWALK CURB ETC.,20100507,MONUMENTED,NJGS,12.326
20260103,http://www.ngs.noaa.gov/cgi-bin/ds_mark.prl?PidBox=DN8287,DN8287,1 R 3,39.4328694444,-74.5778527778,NJ,ATLANTIC,DD = SURVEY DISK,32 = SET IN A RETAINING WALL OR CONCRETE LEDGE,20180605,GOOD,NJGS,16.029
20260103,http://www.ngs.noaa.gov/cgi-bin/ds_mark.prl?PidBox=DQ8247,DQ8247,1 R 4,39.3440833333,-74.4659000000,NJ,ATLANTIC,DD = SURVEY DISK,34 = SET IN THE FOOTINGS OF SMALL/MEDIUM STRUCTURES,20170412,MONUMENTED,NJGS,2.705
20260103,http://www.ngs.noaa.gov/cgi-bin/ds_mark.prl?PidBox=DQ8273,DQ8273,1 R 5,39.3695222222,-74.4235083333,NJ,ATLANTIC,DD = SURVEY DISK,36 = SET IN A MASSIVE STRUCTURE,20210512,GOOD,NJGS,1.536
20260103,http://www.ngs.noaa.gov/cgi-bin/ds_mark.prl?PidBox=DQ8298,DQ8298,1 R 6,39.3918611111,-74.5225444444,NJ,ATLANTIC,DD = SURVEY DISK,35 = SET IN A MAT FOUNDATION OR CONCRETE SLAB OTHER THAN PAVEMENT,20170525,MONUMENTED,NJGS,8.896
20260103,http://www.ngs.noaa.gov/cgi-bin/ds_mark.prl?PidBox=DR7242,DR7242,1 R 7,39.4036611111,-74.3744888889,NJ,ATLANTIC,DD = SURVEY DISK,31 = SET IN A PAVEMENT SUCH AS STREET SIDEWALK CURB ETC.,20210602,MONUMENTED,NJGS,1.762
20260103,http://www.ngs.noaa.gov/cgi-bin/ds_mark.prl?PidBox=AM6987,AM6987,1 S 1,39.3155555556,-74.6052777778,NJ,ATLANTIC,DD = SURVEY DISK,7 = SET IN TOP OF CONCRETE MONUMENT,20000526,GOOD,NJGS,7.194
20260103,http://www.ngs.noaa.gov/cgi-bin/ds_mark.prl?PidBox=DN8270,DN8270,1 S 2,39.4516666667,-74.5363888889,NJ,ATLANTIC,DD = SURVEY DISK,38 = SET IN THE ABUTMENT OR PIER OF A LARGE BRIDGE,20100506,MONUMENTED,NJGS,15.516
20260103,http://www.ngs.noaa.gov/cgi-bin/ds_mark.prl?PidBox=DN8288,DN8288,1 S 3,39.4376666667,-74.5704055556,NJ,ATLANTIC,DD = SURVEY DISK,32 = SET IN A RETAINING WALL OR CONCRETE LEDGE,20190208,GOOD,BASE9,12.456
20260103,http://www.ngs.noaa.gov/cgi-bin/ds_mark.prl?PidBox=DQ8248,DQ8248,1 S 4,39.3482333333,-74.4580277778,NJ,ATLANTIC,DD = SURVEY DISK,36 = SET IN A MASSIVE STRUCTURE,20170412,MONUMENTED,NJGS,4.142
20260103,http://www.ngs.noaa.gov/cgi-bin/ds_mark.prl?PidBox=DQ8274,DQ8274,1 S 5,39.3693111111,-74.4264222222,NJ,ATLANTIC,DD = SURVEY DISK,35 = SET IN A MAT FOUNDATION OR CONCRETE SLAB OTHER THAN PAVEMENT,20210512,GOOD,NJGS,1.855
20260103,http://www.ngs.noaa.gov/cgi-bin/ds_mark.prl?PidBox=DQ8299,DQ8299,1 S 6,39.3833416667,-74.5426305556,NJ,ATLANTIC,DD = SURVEY DISK,34 = SET IN THE FOOTINGS OF SMALL/MEDIUM STRUCTURES,20231023,GOOD,NJGS,10.398
20260103,http://www.ngs.noaa.gov/cgi-bin/ds_mark.prl?PidBox=DR7216,DR7216,1 S 7,39.3925194444,-74.4068916667,NJ,ATLANTIC,DD = SURVEY DISK,31 = SET IN A PAVEMENT SUCH AS STREET SIDEWALK CURB ETC.,20210525,MONUMENTED,NJGS,1.902
20260103,http://www.ngs.noaa.gov/cgi-bin/ds_mark.prl?PidBox=AM6988,AM6988,1 T 1,39.3038888889,-74.5941666667,NJ,CAPE MAY,,,20180628,MARK NOT FOUND,NJGS,1.856
20260103,http://www.ngs.noaa.gov/cgi-bin/ds_mark.prl?PidBox=DN8271,DN8271,1 T 2,39.4500861111,-74.5345333333,NJ,ATLANTIC,DD = SURVEY DISK,7 = SET IN TOP OF CONCRETE MONUMENT,20240212,GOOD,NJGS,11.376
20260103,http://www.ngs.noaa.gov/cgi-bin/ds_mark.prl?PidBox=DN8289,DN8289,1 T 3,39.4410333333,-74.5691777778,NJ,ATLANTIC,DD = SURVEY DISK,32 = SET IN A RETAINING WALL OR CONCRETE LEDGE,20190208,GOOD,BASE9,10.993
20260103,http://www.ngs.noaa.gov/cgi-bin/ds_mark.prl?PidBox=DQ8249,DQ8249,1 T 4,39.3530972222,-74.4564555556,NJ,ATLANTIC,DD = SURVEY DISK,36 = SET IN A MASSIVE STRUCTURE,20170518,GOOD,NJGS,3.280
20260103,http://www.ngs.noaa.gov/cgi-bin/ds_mark.prl?PidBox=DQ8275,DQ8275,1 T 5,39.3414750000,-74.4782500000,NJ,ATLANTIC,DD = SURVEY DISK,36 = SET IN A MASSIVE STRUCTURE,20170518,MONUMENTED,NJGS,4.409
20260103,http://www.ngs.noaa.gov/cgi-bin/ds_mark.prl?PidBox=DQ8300,DQ8300,1 T 6,39.3599750000,-74.4616472222,NJ,ATLANTIC,DD = SURVEY DISK,7 = SET IN TOP OF CONCRETE MONUMENT,20170612,GOOD,NJGS,2.374
20260103,http://www.ngs.noaa.gov/cgi-bin/ds_mark.prl?PidBox=DR7214,DR7214,1 T 7,39.3869166667,-74.4189472222,NJ,ATLANTIC,DD = SURVEY DISK,38 = SET IN THE ABUTMENT OR PIER OF A LARGE BRIDGE,20210525,MONUMENTED,NJGS,10.721
20260103,http://www.ngs.noaa.gov/cgi-bin/ds_mark.prl?PidBox=DM6010,DM6010,1 U 1,39.4758333333,-74.7111111111,NJ,ATLANTIC,DD = SURVEY DISK,38 = SET IN THE ABUTMENT OR PIER OF A LARGE BRIDGE,20201112,GOOD,NJGS,13.987
20260103,http://www.ngs.noaa.gov/cgi-bin/ds_mark.prl?PidBox=DN8272,DN8272,1 U 2,39.4480500000,-74.5316472222,NJ,ATLANTIC,DD = SURVEY DISK,7 = SET IN TOP OF CONCRETE MONUMENT,20230406,GOOD,NJGS,7.957
20260103,http://www.ngs.noaa.gov/cgi-bin/ds_mark.prl?PidBox=DN8290,DN8290,1 U 3,39.4424666667,-74.5673916667,NJ,ATLANTIC,DD = SURVEY DISK,35 = SET IN A MAT FOUNDATION OR CONCRETE SLAB OTHER THAN PAVEMENT,20190208,GOOD,BASE9,12.815
20260103,http://www.ngs.noaa.gov/cgi-bin/ds_mark.prl?PidBox=DQ8250,DQ8250,1 U 4,39.3551916667,-74.4581166667,NJ,ATLANTIC,DD = SURVEY DISK,7 = SET IN TOP OF CONCRETE MONUMENT,20170518,GOOD,NJGS,1.507
20260103,http://www.ngs.noaa.gov/cgi-bin/ds_mark.prl?PidBox=DQ8276,DQ8276,1 U 5,39.3623416667,-74.4123083333,NJ,ATLANTIC,DD = SURVEY DISK,35 = SET IN A MAT FOUNDATION OR CONCRETE SLAB OTHER THAN PAVEMENT,20170518,MONUMENTED,NJGS,3.773
20260103,http://www.ngs.noaa.gov/cgi-bin/ds_mark.prl?PidBox=DQ8301,DQ8301,1 U 6,39.3598722222,-74.4618916667,NJ,ATLANTIC,DD = SURVEY DISK,7 = SET IN TOP OF CONCRETE MONUMENT,20170612,GOOD,NJGS,1.602
20260103,http://www.ngs.noaa.gov/cgi-bin/ds_mark.prl?PidBox=DR7215,DR7215,1 U 7,39.3895888889,-74.4134611111,NJ,ATLANTIC,DD = SURVEY DISK,34 = SET IN THE FOOTINGS OF SMALL/MEDIUM STRUCTURES,20210525,MONUMENTED,NJGS,2.429
20260103,http://www.ngs.noaa.gov/cgi-bin/ds_mark.prl?PidBox=DM6012,DM6012,1 V 1,39.4775000000,-74.7136111111,NJ,ATLANTIC,DD = SURVEY DISK,31 = SET IN A PAVEMENT SUCH AS STREET SIDEWALK CURB ETC.,20120314,GOOD,INDIV,8.323
20260103,http://www.ngs.noaa.gov/cgi-bin/ds_mark.prl?PidBox=DN8273,DN8273,1 V 2,39.4467250000,-74.5299250000,NJ,ATLANTIC,DD = SURVEY DISK,32 = SET IN A RETAINING WALL OR CONCRETE LEDGE,20180607,GOOD,NJGS,6.887
20260103,http://www.ngs.noaa.gov/cgi-bin/ds_mark.prl?PidBox=DN8291,DN8291,1 V 3,39.4444944444,-74.5692833333,NJ,ATLANTIC,DD = SURVEY DISK,36 = SET IN A MASSIVE STRUCTURE,20190208,GOOD,BASE9,11.368
20260103,http://www.ngs.noaa.gov/cgi-bin/ds_mark.prl?PidBox=DQ8251,DQ8251,1 V 4,39.3545361111,-74.4471750000,NJ,ATLANTIC,DD = SURVEY DISK,35 = SET IN A MAT FOUNDATION OR CONCRETE SLAB OTHER THAN PAVEMENT,20170518,MONUMENTED,NJGS,2.382
20260103,http://www.ngs.noaa.gov/cgi-bin/ds_mark.prl?PidBox=DQ8246,DQ8246,1 V 5,39.3398000000,-74.4719194444,NJ,ATLANTIC,DD = SURVEY DISK,32 = SET IN A RETAINING WALL OR CONCRETE LEDGE,20170518,GOOD,NJGS,3.443
20260103,http://www.ngs.noaa.gov/cgi-bin/ds_mark.prl?PidBox=DQ8302,DQ8302,1 V 6,39.3708166667,-74.4775777778,NJ,ATLANTIC,DD = SURVEY DISK,7 = SET IN TOP OF CONCRETE MONUMENT,20170612,GOOD,NJGS,2.201
20260103,http://www.ngs.noaa.gov/cgi-bin/ds_mark.prl?PidBox=DR7236,DR7236,1 V 7,39.3875194444,-74.4183416667,NJ,ATLANTIC,DD = SURVEY DISK,32 = SET IN A RETAINING WALL OR CONCRETE LEDGE,20210519,MONUMENTED,NJGS,6.838
20260103,http://www.ngs.noaa.gov/cgi-bin/ds_mark.prl?PidBox=DM6011,DM6011,1 W 1,39.4755555556,-74.7102777778,NJ,ATLANTIC,DD = SURVEY DISK,7 = SET IN TOP OF CONCRETE MONUMENT,20201112,GOOD,NJGS,7.848
20260103,http://www.ngs.noaa.gov/cgi-bin/ds_mark.prl?PidBox=DN8274,DN8274,1 W 2,39.4441666667,-74.5258333333,NJ,ATLANTIC,DD = SURVEY DISK,34 = SET IN THE FOOTINGS OF SMALL/MEDIUM STRUCTURES,20100507,MONUMENTED,NJGS,7.129
20260103,http://www.ngs.noaa.gov/cgi-bin/ds_mark.prl?PidBox=DN8296,DN8296,1 W 3,39.4467444444,-74.5874138889,NJ,ATLANTIC,DD = SURVEY DISK,32 = SET IN A RETAINING WALL OR CONCRETE LEDGE,20191219,GOOD,NJGS,14.945
20260103,http://www.ngs.noaa.gov/cgi-bin/ds_mark.prl?PidBox=DQ8252,DQ8252,1 W 4,39.3555833333,-74.4445750000,NJ,ATLANTIC,DD = SURVEY DISK,35 = SET IN A MAT FOUNDATION OR CONCRETE SLAB OTHER THAN PAVEMENT,20170518,MONUMENTED,NJGS,2.146
20260103,http://www.ngs.noaa.gov/cgi-bin/ds_mark.prl?PidBox=DQ8279,DQ8279,1 W 5,39.3590194444,-74.4609083333,NJ,ATLANTIC,DD = SURVEY DISK,7 = SET IN TOP OF CONCRETE MONUMENT,20240325,GOOD,NJGS,1.688
20260103,http://www.ngs.noaa.gov/cgi-bin/ds_mark.prl?PidBox=DQ8303,DQ8303,1 W 6,39.3817555556,-74.4976972222,NJ,ATLANTIC,DD = SURVEY DISK,7 = SET IN TOP OF CONCRETE MONUMENT,20240415,GOOD,NJGS,1.161
20260103,http://www.ngs.noaa.gov/cgi-bin/ds_mark.prl?PidBox=DR7240,DR7240,1 W 7,39.3878277778,-74.4172388889,NJ,ATLANTIC,DD = SURVEY DISK,32 = SET IN A RETAINING WALL OR CONCRETE LEDGE,20210527,MONUMENTED,NJGS,3.695
20260103,http://www.ngs.noaa.gov/cgi-bin/ds_mark.prl?PidBox=DM6014,DM6014,1 X 1,39.4733333333,-74.7138888889,NJ,ATLANTIC,DD = SURVEY DISK,7 = SET IN TOP OF CONCRETE MONUMENT,20201112,POOR,NJGS,8.399
20260103,http://www.ngs.noaa.gov/cgi-bin/ds_mark.prl?PidBox=DN8275,DN8275,1 X 2,39.4423250000,-74.5231888889,NJ,ATLANTIC,DD = SURVEY DISK,7 = SET IN TOP OF CONCRETE MONUMENT,20100510,GOOD,NJGS,6.416
20260103,http://www.ngs.noaa.gov/cgi-bin/ds_mark.prl?PidBox=DN8297,DN8297,1 X 3,39.4355555556,-74.5627777778,NJ,ATLANTIC,DD = SURVEY DISK,32 = SET IN A RETAINING WALL OR CONCRETE LEDGE,20100518,MONUMENTED,NJGS,10.997
20260103,http://www.ngs.noaa.gov/cgi-bin/ds_mark.prl?PidBox=DQ8253,DQ8253,1 X 4,39.3537055556,-74.4398694444,NJ,ATLANTIC,DD = SURVEY DISK,32 = SET IN A RETAINING WALL OR CONCRETE LEDGE,20170518,MONUMENTED,NJGS,2.596
20260103,http://www.ngs.noaa.gov/cgi-bin/ds_mark.prl?PidBox=DQ8280,DQ8280,1 X 5,39.3589194444,-74.4611138889,NJ,ATLANTIC,DD = SURVEY DISK,7 = SET IN TOP OF CONCRETE MONUMENT,20170505,GOOD,NJGS,1.671
20260103,http://www.ngs.noaa.gov/cgi-bin/ds_mark.prl?PidBox=DQ8304,DQ8304,1 X 6,39.3755527778,-74.4311722222,NJ,ATLANTIC,DD = SURVEY DISK,7 = SET IN TOP OF CONCRETE MONUMENT,20210520,GOOD,NJGS,2.226
20260103,http://www.ngs.noaa.gov/cgi-bin/ds_mark.prl?PidBox=DR7231,DR7231,1 X 7,39.3864555556,-74.4044861111,NJ,ATLANTIC,DD = SURVEY DISK,7 = SET IN TOP OF CONCRETE MONUMENT,20210610,MONUMENTED,NJGS,1.478
20260103,http://www.ngs.noaa.gov/cgi-bin/ds_mark.prl?PidBox=DN8276,DN8276,1 Y 2,39.4388888889,-74.5183333333,NJ,ATLANTIC,DD = SURVEY DISK,32 = SET IN A RETAINING WALL OR CONCRETE LEDGE,20100507,MONUMENTED,NJGS,5.399
20260103,http://www.ngs.noaa.gov/cgi-bin/ds_mark.prl?PidBox=DN8299,DN8299,1 Y 3,39.4781138889,-74.5824194444,NJ,ATLANTIC,DD = SURVEY DISK,7 = SET IN TOP OF CONCRETE MONUMENT,20100520,MONUMENTED,NJGS,20.952
20260103,http://www.ngs.noaa.gov/cgi-bin/ds_mark.prl?PidBox=DQ8254,DQ8254,1 Y 4,39.3580833333,-74.4383083333,NJ,ATLANTIC,DD = SURVEY DISK,35 = SET IN A MAT FOUNDATION OR CONCRETE SLAB OTHER THAN PAVEMENT,20170518,MONUMENTED,NJGS,2.443
20260103,http://www.ngs.noaa.gov/cgi-bin/ds_mark.prl?PidBox=DQ8281,DQ8281,1 Y 5,39.3619111111,-74.4659416667,NJ,ATLANTIC,DD = SURVEY DISK,7 = SET IN TOP OF CONCRETE MONUMENT,20170505,GOOD,NJGS,2.205
20260103,http://www.ngs.noaa.gov/cgi-bin/ds_mark.prl?PidBox=DR7235,DR7235,1 Y 7,39.3834472222,-74.4250916667,NJ,ATLANTIC,DD = SURVEY DISK,38 = SET IN THE ABUTMENT OR PIER OF A LARGE BRIDGE,20210520,MONUMENTED,NJGS,10.700
20260103,http://www.ngs.noaa.gov/cgi-bin/ds_mark.prl?PidBox=DK6542,DK6542,1 Z 1,39.6330555556,-74.8058333333,NJ,ATLANTIC,DD = SURVEY DISK,40 = SET IN A LARGE STRUCTURE WITH DEEP FOUNDATIONS,20100325,GOOD,NJGS,33.385
20260103,http://www.ngs.noaa.gov/cgi-bin/ds_mark.prl?PidBox=DN8277,DN8277,1 Z 2,39.4363944444,-74.5171944444,NJ,ATLANTIC,DD = SURVEY DISK,7 = SET IN TOP OF CONCRETE MONUMENT,20240205,GOOD,NJGS,6.829
20260103,http://www.ngs.noaa.gov/cgi-bin/ds_mark.prl?PidBox=DN8301,DN8301,1 Z 3,39.4284694444,-74.4958833333,NJ,ATLANTIC,DD = SURVEY DISK,31 = SET IN A PAVEMENT SUCH AS STREET SIDEWALK CURB ETC.,20220325,GOOD,NJGS,6.608
20260103,http://www.ngs.noaa.gov/cgi-bin/ds_mark.prl?PidBox=DQ8255,DQ8255,1 Z 4,39.3575722222,-74.4347333333,NJ,ATLANTIC,DD = SURVEY DISK,35 = SET IN A MAT FOUNDATION OR CONCRETE SLAB OTHER THAN PAVEMENT,20170518,MONUMENTED,NJGS,2.168
20260103,http://www.ngs.noaa.gov/cgi-bin/ds_mark.prl?PidBox=DQ8282,DQ8282,1 Z 5,39.3643861111,-74.4693333333,NJ,ATLANTIC,DD = SURVEY DISK,32 = SET IN A RETAINING WALL OR CONCRETE LEDGE,20170505,MONUMENTED,NJGS,2.848
20260103,http://www.ngs.noaa.gov/cgi-bin/ds_mark.prl?PidBox=DR7226,DR7226,1 Z 6,39.4116583333,-74.3574277778,NJ,ATLANTIC,DD = SURVEY DISK,31 = SET IN A PAVEMENT SUCH AS STREET SIDEWALK CURB ETC.,20210607,GOOD,NJGS,3.207
20260103,http://www.ngs.noaa.gov/cgi-bin/ds_mark.prl?PidBox=DR7232,DR7232,1 Z 7,39.4120916667,-74.3633694444,NJ,ATLANTIC,DD = SURVEY DISK,31 = SET IN A PAVEMENT SUCH AS STREET SIDEWALK CURB ETC.,20210610,MONUMENTED,NJGS,0.900
20260103,http://www.ngs.noaa.gov/cgi-bin/ds_mark.prl?PidBox=KV1116,KV1116,10,40.4013888889,-74.9691666667,NJ,HUNTERDON,B = BOLT,38 = SET IN THE ABUTMENT OR PIER OF A LARGE BRIDGE,19970126,POOR,USPSQD,23.719
20260103,http://www.ngs.noaa.gov/cgi-bin/ds_mark.prl?PidBox=KV6059,KV6059,10 A 1,40.3570277778,-74.9436388889,NJ,HUNTERDON,DD = SURVEY DISK,32 = SET IN A RETAINING WALL OR CONCRETE LEDGE,20061014,GOOD,USPSQD,19.617
20260103,http://www.ngs.noaa.gov/cgi-bin/ds_mark.prl?PidBox=DM7805,DM7805,10 A 2,40.5066666667,-74.9130555556,NJ,HUNTERDON,DD = SURVEY DISK,32 = SET IN A RETAINING WALL OR CONCRETE LEDGE,20250924,GOOD,AAAS,154.601
20260103,http://www.ngs.noaa.gov/cgi-bin/ds_mark.prl?PidBox=KV6062,KV6062,10 B 1,40.3827708556,-74.9524714583,NJ,HUNTERDON,DD = SURVEY DISK,7 = SET IN TOP OF CONCRETE MONUMENT,20190911,GOOD,NJGS,26.817
20260103,http://www.ngs.noaa.gov/cgi-bin/ds_mark.prl?PidBox=DM7811,DM7811,10 B 2,40.5054472222,-74.8853944444,NJ,HUNTERDON,DD = SURVEY DISK,32 = SET IN A RETAINING WALL OR CONCRETE LEDGE,20190918,GOOD,NJGS,100.116
20260103,http://www.ngs.noaa.gov/cgi-bin/ds_mark.prl?PidBox=DM8522,DM8522,10 B 21,40.6552777778,-75.0888888889,NJ,HUNTERDON,DD = SURVEY DISK,38 = SET IN THE ABUTMENT OR PIER OF A LARGE BRIDGE,20100603,MONUMENTED,NJGS,83.646
20260103,http://www.ngs.noaa.gov/cgi-bin/ds_mark.prl?PidBox=KV6063,KV6063,10 C 1,40.4049845667,-74.9770513500,NJ,HUNTERDON,DD = SURVEY DISK,7 = SET IN TOP OF CONCRETE MONUMENT,20240430,GOOD,USGS,23.825
20260103,http://www.ngs.noaa.gov/cgi-bin/ds_mark.prl?PidBox=DM7814,DM7814,10 C 2,40.5120833333,-74.8594333333,NJ,HUNTERDON,DD = SURVEY DISK,32 = SET IN A RETAINING WALL OR CONCRETE LEDGE,20100616,MONUMENTED,NJGS,51.855
20260103,http://www.ngs.noaa.gov/cgi-bin/ds_mark.prl?PidBox=KV6065,KV6065,10 D 1,40.4103666667,-75.0079555556,NJ,HUNTERDON,DD = SURVEY DISK,7 = SET IN TOP OF CONCRETE MONUMENT,20180227,GOOD,NJGS,28.255
20260103,http://www.ngs.noaa.gov/cgi-bin/ds_mark.prl?PidBox=DM7815,DM7815,10 D 2,40.5022555556,-74.9018250000,NJ,HUNTERDON,DD = SURVEY DISK,32 = SET IN A RETAINING WALL OR CONCRETE LEDGE,20100603,MONUMENTED,NJGS,125.496
20260103,http://www.ngs.noaa.gov/cgi-bin/ds_mark.prl?PidBox=KV6066,KV6066,10 E 1,40.4058390111,-75.0221878917,NJ,HUNTERDON,DD = SURVEY DISK,7 = SET IN TOP OF CONCRETE MONUMENT,20200626,GOOD,NJGS,25.733
20260103,http://www.ngs.noaa.gov/cgi-bin/ds_mark.prl?PidBox=DO4832,DO4832,10 E 2,40.6230500000,-74.7668055556,NJ,HUNTERDON,DD = SURVEY DISK,37 = SET IN A MASSIVE RETAINING WALL,20180326,GOOD,NJGS,39.055
20260103,http://www.ngs.noaa.gov/cgi-bin/ds_mark.prl?PidBox=KV6068,KV6068,10 F 1,40.4693333333,-75.0626111111,NJ,HUNTERDON,DD = SURVEY DISK,32 = SET IN A RETAINING WALL OR CONCRETE LEDGE,19970126,GOOD,USPSQD,32.726
20260103,http://www.ngs.noaa.gov/cgi-bin/ds_mark.prl?PidBox=DO4833,DO4833,10 F 2,40.6211500000,-74.7677861111,NJ,HUNTERDON,DD = SURVEY DISK,32 = SET IN A RETAINING WALL OR CONCRETE LEDGE,20111118,MONUMENTED,NJGS,38.897
20260103,http://www.ngs.noaa.gov/cgi-bin/ds_mark.prl?PidBox=KV6069,KV6069,10 G 1,40.4769444444,-75.0605555556,NJ,HUNTERDON,DD = SURVEY DISK,32 = SET IN A RETAINING WALL OR CONCRETE LEDGE,19970126,GOOD,USPSQD,35.778
20260103,http://www.ngs.noaa.gov/cgi-bin/ds_mark.prl?PidBox=DO4834,DO4834,10 G 2,40.6191888889,-74.7469138889,NJ,HUNTERDON,DD = SURVEY DISK,34 = SET IN THE FOOTINGS OF SMALL/MEDIUM STRUCTURES,20111118,MONUMENTED,NJGS,64.428
20260103,http://www.ngs.noaa.gov/cgi-bin/ds_mark.prl?PidBox=KV6070,KV6070,10 H 1,40.5062638889,-75.0629611111,NJ,HUNTERDON,DD = SURVEY DISK,7 = SET IN TOP OF CONCRETE MONUMENT,20190905,GOOD,NJGS,38.332
20260103,http://www.ngs.noaa.gov/cgi-bin/ds_mark.prl?PidBox=DO4835,DO4835,10 H 2,40.6368388889,-74.7901583333,NJ,HUNTERDON,DD = SURVEY DISK,32 = SET IN A RETAINING WALL OR CONCRETE LEDGE,20180319,GOOD,NJGS,56.712
20260103,http://www.ngs.noaa.gov/cgi-bin/ds_mark.prl?PidBox=KV6071,KV6071,10 J 1,40.5355464611,-75.0644298250,NJ,HUNTERDON,DD = SURVEY DISK,7 = SET IN TOP OF CONCRETE MONUMENT,20200625,GOOD,NJGS,39.898
20260103,http://www.ngs.noaa.gov/cgi-bin/ds_mark.prl?PidBox=DO4836,DO4836,10 J 2,40.6337277778,-74.7848750000,NJ,HUNTERDON,DD = SURVEY DISK,36 = SET IN A MASSIVE STRUCTURE,20111118,MONUMENTED,NJGS,46.932
20260103,http://www.ngs.noaa.gov/cgi-bin/ds_mark.prl?PidBox=KV6072,KV6072,10 K 1,40.5591666667,-75.0872222222,NJ,HUNTERDON,DD = SURVEY DISK,7 = SET IN TOP OF CONCRETE MONUMENT,20210729,MARK NOT FOUND,NJGS,40.312
20260103,http://www.ngs.noaa.gov/cgi-bin/ds_mark.prl?PidBox=KV6088,KV6088,10 K 1 FLOOD CREST,40.4058055556,-74.9769444444,NJ,HUNTERDON,DD = SURVEY DISK,36 = SET IN A MASSIVE STRUCTURE,20120821,GOOD,INDIV,25.553
20260103,http://www.ngs.noaa.gov/cgi-bin/ds_mark.prl?PidBox=DO4837,DO4837,10 K 2,40.6284194444,-74.7755083333,NJ,HUNTERDON,Z = SEE DESCRIPTION,9 = POST (STONE OR PRECAST CONCRETE),20220311,GOOD,NJGS,47.283
20260103,http://www.ngs.noaa.gov/cgi-bin/ds_mark.prl?PidBox=KV6073,KV6073,10 L 1,40.5728888889,-75.1123888889,NJ,HUNTERDON,DD = SURVEY DISK,32 = SET IN A RETAINING WALL OR CONCRETE LEDGE,19970126,GOOD,USPSQD,43.200
20260103,http://www.ngs.noaa.gov/cgi-bin/ds_mark.prl?PidBox=DO4838,DO4838,10 L 2,40.6241055556,-74.7682361111,NJ,HUNTERDON,Z = SEE DESCRIPTION,9 = POST (STONE OR PRECAST CONCRETE),20111125,GOOD,NJGS,39.365
20260103,http://www.ngs.noaa.gov/cgi-bin/ds_mark.prl?PidBox=KV6075,KV6075,10 M 1,40.5772222222,-75.1369444444,NJ,HUNTERDON,DD = SURVEY DISK,66 = SET IN ROCK OUTCROP,1988,MONUMENTED,NJGS,44.197
20260103,http://www.ngs.noaa.gov/cgi-bin/ds_mark.prl?PidBox=DO4839,DO4839,10 M 2,40.6154416667,-74.7376250000,NJ,HUNTERDON,DD = SURVEY DISK,32 = SET IN A RETAINING WALL OR CONCRETE LEDGE,20230824,GOOD,NJGS,72.145
20260103,http://www.ngs.noaa.gov/cgi-bin/ds_mark.prl?PidBox=KV6076,KV6076,10 N 1,40.5673405917,-75.1621790222,NJ,HUNTERDON,DD = SURVEY DISK,7 = SET IN TOP OF CONCRETE MONUMENT,20231121,GOOD,NJGS,45.700
20260103,http://www.ngs.noaa.gov/cgi-bin/ds_mark.prl?PidBox=DO4840,DO4840,10 N 2,40.6146777778,-74.7353805556,NJ,HUNTERDON,Z = SEE DESCRIPTION,9 = POST (STONE OR PRECAST CONCRETE),20111125,GOOD,NJGS,69.072
20260103,http://www.ngs.noaa.gov/cgi-bin/ds_mark.prl?PidBox=KV6077,KV6077,10 P 1,40.5746562861,-75.1880217694,NJ,HUNTERDON,DD = SURVEY DISK,7 = SET IN TOP OF CONCRETE MONUMENT,20190912,GOOD,NJGS,46.981
20260103,http://www.ngs.noaa.gov/cgi-bin/ds_mark.prl?PidBox=DO4841,DO4841,10 P 2,40.6144250000,-74.7346388889,NJ,HUNTERDON,Z = SEE DESCRIPTION,9 = POST (STONE OR PRECAST CONCRETE),20111125,GOOD,NJGS,68.035
20260103,http://www.ngs.noaa.gov/cgi-bin/ds_mark.prl?PidBox=JU0926,JU0926,10 PRR,39.9802777778,-75.0661111111,NJ,CAMDEN,B = BOLT,36 = SET IN A MASSIVE STRUCTURE,1974,GOOD,NGS,14.962
20260103,http://www.ngs.noaa.gov/cgi-bin/ds_mark.prl?PidBox=KV6085,KV6085,10 Q 1,40.5727777778,-75.1500000000,NJ,HUNTERDON,DD = SURVEY DISK,32 = SET IN A RETAINING WALL OR CONCRETE LEDGE,1989,MONUMENTED,NJGS,40.863
20260103,http://www.ngs.noaa.gov/cgi-bin/ds_mark.prl?PidBox=KV6086,KV6086,10 R 1,40.5822222222,-75.1897222222,NJ,HUNTERDON,DD = SURVEY DISK,7 = SET IN TOP OF CONCRETE MONUMENT,1989,MONUMENTED,NJGS,48.025
20260103,http://www.ngs.noaa.gov/cgi-bin/ds_mark.prl?PidBox=KV6871,KV6871,10 T 1,40.6129046028,-75.1212872417,NJ,HUNTERDON,DD = SURVEY DISK,7 = SET IN TOP OF CONCRETE MONUMENT,20151012,GOOD,JMT,199.3
20260103,http://www.ngs.noaa.gov/cgi-bin/ds_mark.prl?PidBox=KV6872,KV6872,10 U 1,40.4389734222,-74.9413235472,NJ,HUNTERDON,DD = SURVEY DISK,7 = SET IN TOP OF CONCRETE MONUMENT,20251002,GOOD,AAAS,105.8
20260103,http://www.ngs.noaa.gov/cgi-bin/ds_mark.prl?PidBox=KV6873,KV6873,10 V 1,40.4412535722,-74.8051667333,NJ,HUNTERDON,DD = SURVEY DISK,7 = SET IN TOP OF CONCRETE MONUMENT,20040219,GOOD,INDIV,71.5
20260103,http://www.ngs.noaa.gov/cgi-bin/ds_mark.prl?PidBox=DM7806,DM7806,10 W 1,40.5043750000,-74.9000166667,NJ,HUNTERDON,DD = SURVEY DISK,32 = SET IN A RETAINING WALL OR CONCRETE LEDGE,20250924,GOOD,AAAS,139.926
20260103,http://www.ngs.noaa.gov/cgi-bin/ds_mark.prl?PidBox=DM7808,DM7808,10 X 1,40.5019444444,-74.8986111111,NJ,HUNTERDON,DD = SURVEY DISK,37 = SET IN A MASSIVE RETAINING WALL,20100412,MONUMENTED,NJGS,127.672
20260103,http://www.ngs.noaa.gov/cgi-bin/ds_mark.prl?PidBox=DM7807,DM7807,10 Y 1,40.5046416667,-74.8985944444,NJ,HUNTERDON,DD = SURVEY DISK,32 = SET IN A RETAINING WALL OR CONCRETE LEDGE,20230330,GOOD,NJGS,141.665
20260103,http://www.ngs.noaa.gov/cgi-bin/ds_mark.prl?PidBox=DM7804,DM7804,10 Z 1,40.5079777778,-74.9220416667,NJ,HUNTERDON,DD = SURVEY DISK,32 = SET IN A RETAINING WALL OR CONCRETE LEDGE,20250924,GOOD,AAAS,164.085
20260103,http://www.ngs.noaa.gov/cgi-bin/ds_mark.prl?PidBox=JU0664,JU0664,10.40,39.7988888889,-75.3513888889,NJ,GLOUCESTER,B = BOLT,30 = SET IN A LIGHT STRUCTURE,20070517,MARK NOT FOUND,UE,3.005
20260103,http://www.ngs.noaa.gov/cgi-bin/ds_mark.prl?PidBox=JU0606,JU0606,100,39.7041666667,-74.7913888889,NJ,CAMDEN,Z = SEE DESCRIPTION,30 = SET IN A LIGHT STRUCTURE,19950315,MARK NOT FOUND,NJGS,21.677
20260103,http://www.ngs.noaa.gov/cgi-bin/ds_mark.prl?PidBox=KV6457,KV6457,100,40.3479444444,-74.6543055556,NJ,MERCER,DD = SURVEY DISK,7 = SET IN TOP OF CONCRETE MONUMENT,20150428,GOOD,PROFLN,60.864
20260103,http://www.ngs.noaa.gov/cgi-bin/ds_mark.prl?PidBox=DI3306,DI3306,1003,39.9064111111,-75.0978888889,NJ,CAMDEN,DD = SURVEY DISK,7 = SET IN TOP OF CONCRETE MONUMENT,20250502,GOOD,AAAS,4.998
20260103,http://www.ngs.noaa.gov/cgi-bin/ds_mark.prl?PidBox=AI4340,AI4340,10031,39.8207725222,-75.1247774500,NJ,GLOUCESTER,DD = SURVEY DISK,7 = SET IN TOP OF CONCRETE MONUMENT,20241125,GOOD,DEI,13.423
20260103,http://www.ngs.noaa.gov/cgi-bin/ds_mark.prl?PidBox=DI3345,DI3345,10064,39.7175000000,-75.2133333333,NJ,GLOUCESTER,DD = SURVEY DISK,7 = SET IN TOP OF CONCRETE MONUMENT,20030603,GOOD,NJGS,40.447
20260103,http://www.ngs.noaa.gov/cgi-bin/ds_mark.prl?PidBox=DI3346,DI3346,10065,39.7141666667,-75.2111111111,NJ,GLOUCESTER,DD = SURVEY DISK,7 = SET IN TOP OF CONCRETE MONUMENT,20030603,GOOD,NJGS,33.707
20260103,http://www.ngs.noaa.gov/cgi-bin/ds_mark.prl?PidBox=DI3344,DI3344,10066,39.7094444444,-75.2077777778,NJ,GLOUCESTER,DD = SURVEY DISK,7 = SET IN TOP OF CONCRETE MONUMENT,20030603,GOOD,NJGS,36.475
20260103,http://www.ngs.noaa.gov/cgi-bin/ds_mark.prl?PidBox=AI4368,AI4368,10075,39.6709279444,-75.2085309000,NJ,GLOUCESTER,DD = SURVEY DISK,7 = SET IN TOP OF CONCRETE MONUMENT,20210326,GOOD,NJGS,42.0
20260103,http://www.ngs.noaa.gov/cgi-bin/ds_mark.prl?PidBox=JU0607,JU0607,101,39.6938888889,-74.8036111111,NJ,CAMDEN,Z = SEE DESCRIPTION,30 = SET IN A LIGHT STRUCTURE,19950315,MARK NOT FOUND,NJGS,22.766
20260103,http://www.ngs.noaa.gov/cgi-bin/ds_mark.prl?PidBox=KV6666,KV6666,101,40.3506111111,-74.6446111111,NJ,MERCER,DD = SURVEY DISK,7 = SET IN TOP OF CONCRETE MONUMENT,20080406,GOOD,GEOCAC,43.838
20260103,http://www.ngs.noaa.gov/cgi-bin/ds_mark.prl?PidBox=DI3377,DI3377,1013,39.8377777778,-75.1533333333,NJ,GLOUCESTER,DD = SURVEY DISK,7 = SET IN TOP OF CONCRETE MONUMENT,20201118,GOOD,NJGS,17.135
20260103,http://www.ngs.noaa.gov/cgi-bin/ds_mark.prl?PidBox=JU0608,JU0608,102,39.6841666667,-74.8172222222,NJ,CAMDEN,Z = SEE DESCRIPTION,30 = SET IN A LIGHT STRUCTURE,19950315,MARK NOT FOUND,NJGS,26.549
20260103,http://www.ngs.noaa.gov/cgi-bin/ds_mark.prl?PidBox=KV0997,KV0997,102 PRR,40.1866666667,-74.7477777778,NJ,MERCER,B = BOLT,30 = SET IN A LIGHT STRUCTURE,1956,MARK NOT FOUND,CGS,6.084
20260103,http://www.ngs.noaa.gov/cgi-bin/ds_mark.prl?PidBox=KV0293,KV0293,10235 NJGS,40.7302777778,-74.0413888889,NJ,HUDSON,DD = SURVEY DISK,7 = SET IN TOP OF CONCRETE MONUMENT,1965,GOOD,CGS,4.117
20260103,http://www.ngs.noaa.gov/cgi-bin/ds_mark.prl?PidBox=JU0609,JU0609,103,39.6758333333,-74.8325000000,NJ,CAMDEN,B = BOLT,0 = UNSPECIFIED SETTING,19950315,GOOD,NJGS,31.677
20260103,http://www.ngs.noaa.gov/cgi-bin/ds_mark.prl?PidBox=KV0996,KV0996,103 PRR,40.1950000000,-74.7525000000,NJ,MERCER,B = BOLT,36 = SET IN A MASSIVE STRUCTURE,1956,GOOD,CGS,11.605
20260103,http://www.ngs.noaa.gov/cgi-bin/ds_mark.prl?PidBox=KV0163,KV0163,103.18,40.9138333333,-74.1715000000,NJ,PASSAIC,X = CHISELED CROSS,31 = SET IN A PAVEMENT SUCH AS STREET SIDEWALK CURB ETC.,20051218,GOOD,GEOCAC,31.140
20260103,http://www.ngs.noaa.gov/cgi-bin/ds_mark.prl?PidBox=KV0993,KV0993,104 PRR,40.2091666667,-74.7550000000,NJ,MERCER,B = BOLT,30 = SET IN A LIGHT STRUCTURE,1935,GOOD,CGS,15.710
20260103,http://www.ngs.noaa.gov/cgi-bin/ds_mark.prl?PidBox=DM6935,DM6935,1043,39.8106055556,-75.3155638889,NJ,GLOUCESTER,DD = SURVEY DISK,7 = SET IN TOP OF CONCRETE MONUMENT,20210420,GOOD,AAAS,2.279
20260103,http://www.ngs.noaa.gov/cgi-bin/ds_mark.prl?PidBox=DM6934,DM6934,1044,39.8125000000,-75.3127777778,NJ,GLOUCESTER,DD = SURVEY DISK,7 = SET IN TOP OF CONCRETE MONUMENT,20210427,GOOD,AAAS,2.102
20260103,http://www.ngs.noaa.gov/cgi-bin/ds_mark.prl?PidBox=DI3381,DI3381,1045,39.8252777778,-75.2855555556,NJ,GLOUCESTER,DD = SURVEY DISK,7 = SET IN TOP OF CONCRETE MONUMENT,20210420,GOOD,AAAS,4.289
20260103,http://www.ngs.noaa.gov/cgi-bin/ds_mark.prl?PidBox=JU0614,JU0614,105 CNJRR,39.6558333333,-74.8600000000,NJ,CAMDEN,Z = SEE DESCRIPTION,30 = SET IN A LIGHT STRUCTURE,20210820,MARK NOT FOUND,NJGS,31.814
20260103,http://www.ngs.noaa.gov/cgi-bin/ds_mark.prl?PidBox=AI4337,AI4337,1057,39.6945638750,-75.2792808639,NJ,GLOUCESTER,DB = BENCH MARK DISK,7 = SET IN TOP OF CONCRETE MONUMENT,20190814,GOOD,NJGS,26.6
20260103,http://www.ngs.noaa.gov/cgi-bin/ds_mark.prl?PidBox=JU0615,JU0615,106 CNJRR,39.6441666667,-74.8708333333,NJ,CAMDEN,Z = SEE DESCRIPTION,30 = SET IN A LIGHT STRUCTURE,1936,GOOD,CGS,32.582
20260103,http://www.ngs.noaa.gov/cgi-bin/ds_mark.prl?PidBox=KV6091,KV6091,10633,40.5213888889,-75.0522222222,NJ,HUNTERDON,DD = SURVEY DISK,7 = SET IN TOP OF CONCRETE MONUMENT,19890606,GOOD,NJGS,52.732
20260103,http://www.ngs.noaa.gov/cgi-bin/ds_mark.prl?PidBox=DM7812,DM7812,10664,40.5044666667,-74.8717333333,NJ,HUNTERDON,DD = SURVEY DISK,7 = SET IN TOP OF CONCRETE MONUMENT,20250924,GOOD,AAAS,61.039
20260103,http://www.ngs.noaa.gov/cgi-bin/ds_mark.prl?PidBox=AI4339,AI4339,1068,39.7926462639,-75.2338170778,NJ,GLOUCESTER,DD = SURVEY DISK,7 = SET IN TOP OF CONCRETE MONUMENT,19990701,GOOD,NJGS,21.0
20260103,http://www.ngs.noaa.gov/cgi-bin/ds_mark.prl?PidBox=JU0616,JU0616,107 CNJRR,39.6302777778,-74.8775000000,NJ,CAMDEN,Z = SEE DESCRIPTION,30 = SET IN A LIGHT STRUCTURE,20210820,MARK NOT FOUND,NJGS,34.631
20260103,http://www.ngs.noaa.gov/cgi-bin/ds_mark.prl?PidBox=DI3342,DI3342,1071,39.8301638889,-75.2402583333,NJ,GLOUCESTER,DD = SURVEY DISK,7 = SET IN TOP OF CONCRETE MONUMENT,20210513,GOOD,AAAS,2.914
20260103,http://www.ngs.noaa.gov/cgi-bin/ds_mark.prl?PidBox=KV6518,KV6518,10743,40.4912160444,-74.6495645167,NJ,SOMERSET,,,20191107,MARK NOT FOUND,NJGS,29.5
20260103,http://www.ngs.noaa.gov/cgi-bin/ds_mark.prl?PidBox=JU0617,JU0617,108 CNJRR,39.6169444444,-74.8841666667,NJ,CAMDEN,Z = SEE DESCRIPTION,30 = SET IN A LIGHT STRUCTURE,1936,GOOD,CGS,24.832
20260103,http://www.ngs.noaa.gov/cgi-bin/ds_mark.prl?PidBox=DM6021,DM6021,10829,39.5258333333,-74.6508333333,NJ,ATLANTIC,DD = SURVEY DISK,7 = SET IN TOP OF CONCRETE MONUMENT,20070817,GOOD,NJGS,17.774
20260103,http://www.ngs.noaa.gov/cgi-bin/ds_mark.prl?PidBox=DM6020,DM6020,10830,39.5232361111,-74.6541277778,NJ,ATLANTIC,DD = SURVEY DISK,7 = SET IN TOP OF CONCRETE MONUMENT,20070817,GOOD,NJGS,18.103
20260103,http://www.ngs.noaa.gov/cgi-bin/ds_mark.prl?PidBox=DM6019,DM6019,10831,39.5172222222,-74.6608333333,NJ,ATLANTIC,DD = SURVEY DISK,7 = SET IN TOP OF CONCRETE MONUMENT,20070817,GOOD,NJGS,20.578
20260103,http://www.ngs.noaa.gov/cgi-bin/ds_mark.prl?PidBox=DM6018,DM6018,10832,39.5147222222,-74.6647222222,NJ,ATLANTIC,DD = SURVEY DISK,7 = SET IN TOP OF CONCRETE MONUMENT,20070817,GOOD,NJGS,18.937
20260103,http://www.ngs.noaa.gov/cgi-bin/ds_mark.prl?PidBox=DM6016,DM6016,10836,39.4997222222,-74.6852777778,NJ,ATLANTIC,DD = SURVEY DISK,7 = SET IN TOP OF CONCRETE MONUMENT,20070820,MONUMENTED,NJGS,16.894
20260103,http://www.ngs.noaa.gov/cgi-bin/ds_mark.prl?PidBox=JU4225,JU4225,10844,39.4716666667,-74.7172222222,NJ,ATLANTIC,DD = SURVEY DISK,7 = SET IN TOP OF CONCRETE MONUMENT,20090512,GOOD,INDIV,6.635
20260103,http://www.ngs.noaa.gov/cgi-bin/ds_mark.prl?PidBox=JU4224,JU4224,10845,39.4669444444,-74.7197222222,NJ,ATLANTIC,DD = SURVEY DISK,7 = SET IN TOP OF CONCRETE MONUMENT,20060905,GOOD,NJGS,6.973
20260103,http://www.ngs.noaa.gov/cgi-bin/ds_mark.prl?PidBox=JU4208,JU4208,10847,39.4600000000,-74.7230555556,NJ,ATLANTIC,DD = SURVEY DISK,7 = SET IN TOP OF CONCRETE MONUMENT,19900713,GOOD,NJGS,5.717
20260103,http://www.ngs.noaa.gov/cgi-bin/ds_mark.prl?PidBox=DK6544,DK6544,1086,39.6298138889,-74.8104472222,NJ,ATLANTIC,DD = SURVEY DISK,7 = SET IN TOP OF CONCRETE MONUMENT,20190705,GOOD,NJGS,36.336
20260103,http://www.ngs.noaa.gov/cgi-bin/ds_mark.prl?PidBox=DK6543,DK6543,1087,39.6322222222,-74.8077777778,NJ,ATLANTIC,DD = SURVEY DISK,7 = SET IN TOP OF CONCRETE MONUMENT,20190705,GOOD,NJGS,35.885
20260103,http://www.ngs.noaa.gov/cgi-bin/ds_mark.prl?PidBox=AB6679,AB6679,1088,39.6453611111,-74.7923888889,NJ,ATLANTIC,DD = SURVEY DISK,9 = POST (STONE OR PRECAST CONCRETE),20170629,GOOD,NJGS,27.527
20260103,http://www.ngs.noaa.gov/cgi-bin/ds_mark.prl?PidBox=JU0619,JU0619,109 CNJRR,39.6033333333,-74.8911111111,NJ,GLOUCESTER,Z = SEE DESCRIPTION,0 = UNSPECIFIED SETTING,19921201,SEE DESCRIPTION,NJGS,22.615
20260103,http://www.ngs.noaa.gov/cgi-bin/ds_mark.prl?PidBox=KV1117,KV1117,11,40.4090833333,-74.9861111111,NJ,HUNTERDON,B = BOLT,38 = SET IN THE ABUTMENT OR PIER OF A LARGE BRIDGE,20080126,GOOD,GEOCAC,25.206
20260103,http://www.ngs.noaa.gov/cgi-bin/ds_mark.prl?PidBox=DP5837,DP5837,11 3X 10,40.2797944444,-74.5314138889,NJ,MERCER,DD = SURVEY DISK,34 = SET IN THE FOOTINGS OF SMALL/MEDIUM STRUCTURES,20140226,MONUMENTED,NJGS,27.533
20260103,http://www.ngs.noaa.gov/cgi-bin/ds_mark.prl?PidBox=DP5836,DP5836,11 3Y 10,40.2729777778,-74.5378250000,NJ,MERCER,DD = SURVEY DISK,34 = SET IN THE FOOTINGS OF SMALL/MEDIUM STRUCTURES,20230724,GOOD,NJGS,34.854
20260103,http://www.ngs.noaa.gov/cgi-bin/ds_mark.prl?PidBox=DP5832,DP5832,11 3Z 10,40.2702972222,-74.5223333333,NJ,MERCER,DD = SURVEY DISK,37 = SET IN A MASSIVE RETAINING WALL,20220622,GOOD,NJGS,26.253
20260103,http://www.ngs.noaa.gov/cgi-bin/ds_mark.prl?PidBox=KV6041,KV6041,11 A 1,40.2503428167,-74.8106319750,NJ,MERCER,DD = SURVEY DISK,7 = SET IN TOP OF CONCRETE MONUMENT,20190815,GOOD,NJGS,28.434
20260103,http://www.ngs.noaa.gov/cgi-bin/ds_mark.prl?PidBox=KV6039,KV6039,11 A 1 AZ MK,40.2472222222,-74.8150000000,NJ,MERCER,DZ = AZIMUTH MARK DISK,7 = SET IN TOP OF CONCRETE MONUMENT,20070419,MARK NOT FOUND,UE,25.765
20260103,http://www.ngs.noaa.gov/cgi-bin/ds_mark.prl?PidBox=KV6787,KV6787,11 A 2,40.2188027917,-74.6990749306,NJ,MERCER,DD = SURVEY DISK,7 = SET IN TOP OF CONCRETE MONUMENT,20190820,GOOD,NJGS,18.2
20260103,http://www.ngs.noaa.gov/cgi-bin/ds_mark.prl?PidBox=DE9822,DE9822,11 A 3,40.1753538361,-74.6765783222,NJ,MERCER,DD = SURVEY DISK,7 = SET IN TOP OF CONCRETE MONUMENT,20240423,GOOD,AAAS,4.677
20260103,http://www.ngs.noaa.gov/cgi-bin/ds_mark.prl?PidBox=DE9824,DE9824,11 A 33,40.2076818833,-74.7621946444,NJ,MERCER,DD = SURVEY DISK,7 = SET IN TOP OF CONCRETE MONUMENT,20241118,GOOD,DEI,7.673
20260103,http://www.ngs.noaa.gov/cgi-bin/ds_mark.prl?PidBox=DE9795,DE9795,11 A 4,40.1844444444,-74.7472222222,NJ,MERCER,DD = SURVEY DISK,7 = SET IN TOP OF CONCRETE MONUMENT,20020202,GOOD,NJGS,3.524
20260103,http://www.ngs.noaa.gov/cgi-bin/ds_mark.prl?PidBox=DM6888,DM6888,11 A 5,40.2725222222,-74.7813861111,NJ,MERCER,DD = SURVEY DISK,32 = SET IN A RETAINING WALL OR CONCRETE LEDGE,20170309,GOOD,NJGS,34.626
20260103,http://www.ngs.noaa.gov/cgi-bin/ds_mark.prl?PidBox=KV6046,KV6046,11 B 1,40.2669027111,-74.8034644611,NJ,MERCER,DD = SURVEY DISK,7 = SET IN TOP OF CONCRETE MONUMENT,20191206,GOOD,NJGS,40.079
20260103,http://www.ngs.noaa.gov/cgi-bin/ds_mark.prl?PidBox=KV6788,KV6788,11 B 2,40.3048215694,-74.6324068139,NJ,MERCER,DD = SURVEY DISK,7 = SET IN TOP OF CONCRETE MONUMENT,20220802,GOOD,NJGS,33.0
20260103,http://www.ngs.noaa.gov/cgi-bin/ds_mark.prl?PidBox=KV6874,KV6874,11 B 3,40.3861223639,-74.7572180639,NJ,MERCER,DD = SURVEY DISK,7 = SET IN TOP OF CONCRETE MONUMENT,20050527,MARK NOT FOUND,SURSAT,50.7
20260103,http://www.ngs.noaa.gov/cgi-bin/ds_mark.prl?PidBox=DE9799,DE9799,11 B 4,40.1847222222,-74.7338888889,NJ,MERCER,DD = SURVEY DISK,7 = SET IN TOP OF CONCRETE MONUMENT,20020202,GOOD,NJGS,5.360
20260103,http://www.ngs.noaa.gov/cgi-bin/ds_mark.prl?PidBox=DM6889,DM6889,11 B 5,40.2677777778,-74.7722222222,NJ,MERCER,DD = SURVEY DISK,38 = SET IN THE ABUTMENT OR PIER OF A LARGE BRIDGE,20090323,MONUMENTED,NJGS,25.226
20260103,http://www.ngs.noaa.gov/cgi-bin/ds_mark.prl?PidBox=KV6789,KV6789,11 C 2,40.3220204472,-74.7021314611,NJ,MERCER,,,20200519,MARK NOT FOUND,NJGS,46.0
20260103,http://www.ngs.noaa.gov/cgi-bin/ds_mark.prl?PidBox=KV6875,KV6875,11 C 3,40.3731450361,-74.7987790250,NJ,MERCER,DD = SURVEY DISK,7 = SET IN TOP OF CONCRETE MONUMENT,20191118,GOOD,GPI,92.2
20260103,http://www.ngs.noaa.gov/cgi-bin/ds_mark.prl?PidBox=DE9798,DE9798,11 C 4,40.1852904556,-74.7397655556,NJ,MERCER,DD = SURVEY DISK,7 = SET IN TOP OF CONCRETE MONUMENT,20020223,GOOD,NJGS,4.922
20260103,http://www.ngs.noaa.gov/cgi-bin/ds_mark.prl?PidBox=DM6890,DM6890,11 C 5,40.2472777778,-74.8150722222,NJ,MERCER,DD = SURVEY DISK,31 = SET IN A PAVEMENT SUCH AS STREET SIDEWALK CURB ETC.,20090702,MONUMENTED,NJGS,25.207
20260103,http://www.ngs.noaa.gov/cgi-bin/ds_mark.prl?PidBox=KV6037,KV6037,11 D 1,40.2336360639,-74.7918441472,NJ,MERCER,DD = SURVEY DISK,7 = SET IN TOP OF CONCRETE MONUMENT,20030429,MARK NOT FOUND,NJGS,10.424
20260103,http://www.ngs.noaa.gov/cgi-bin/ds_mark.prl?PidBox=KV6644,KV6644,11 D 2,40.2501944417,-74.7780843361,NJ,MERCER,DD = SURVEY DISK,7 = SET IN TOP OF CONCRETE MONUMENT,20240605,GOOD,AAAS,26.192
20260103,http://www.ngs.noaa.gov/cgi-bin/ds_mark.prl?PidBox=DE9792,DE9792,11 D 4,40.1946083556,-74.7519743028,NJ,MERCER,DD = SURVEY DISK,7 = SET IN TOP OF CONCRETE MONUMENT,20020202,GOOD,NJGS,12.599
20260103,http://www.ngs.noaa.gov/cgi-bin/ds_mark.prl?PidBox=DM6891,DM6891,11 D 5,40.2752777778,-74.7744444444,NJ,MERCER,DD = SURVEY DISK,38 = SET IN THE ABUTMENT OR PIER OF A LARGE BRIDGE,20090323,MONUMENTED,NJGS,29.289
20260103,http://www.ngs.noaa.gov/cgi-bin/ds_mark.prl?PidBox=JU0927,JU0927,11 DELAIR PRR,39.9780555556,-75.0622222222,NJ,CAMDEN,B = BOLT,30 = SET IN A LIGHT STRUCTURE,1974,GOOD,NGS,13.084
20260103,http://www.ngs.noaa.gov/cgi-bin/ds_mark.prl?PidBox=KV6038,KV6038,11 E 1,40.2448472222,-74.8193972222,NJ,MERCER,DD = SURVEY DISK,32 = SET IN A RETAINING WALL OR CONCRETE LEDGE,20171208,GOOD,AAAS,17.392
20260103,http://www.ngs.noaa.gov/cgi-bin/ds_mark.prl?PidBox=KV6646,KV6646,11 E 2,40.2355475806,-74.7718204750,NJ,MERCER,DD = SURVEY DISK,7 = SET IN TOP OF CONCRETE MONUMENT,19920821,GOOD,NJGS,34.855
20260103,http://www.ngs.noaa.gov/cgi-bin/ds_mark.prl?PidBox=KV6877,KV6877,11 E 3,40.3584281750,-74.7555239167,NJ,MERCER,DD = SURVEY DISK,7 = SET IN TOP OF CONCRETE MONUMENT,20201022,GOOD,NJGS,52.2
20260103,http://www.ngs.noaa.gov/cgi-bin/ds_mark.prl?PidBox=DE9796,DE9796,11 E 4,40.1908333333,-74.7488888889,NJ,MERCER,DD = SURVEY DISK,7 = SET IN TOP OF CONCRETE MONUMENT,20020202,GOOD,NJGS,11.867
20260103,http://www.ngs.noaa.gov/cgi-bin/ds_mark.prl?PidBox=DP5848,DP5848,11 E 5,40.2602527778,-74.5187805556,NJ,MERCER,DD = SURVEY DISK,37 = SET IN A MASSIVE RETAINING WALL,20140228,MONUMENTED,NJGS,29.454
20260103,http://www.ngs.noaa.gov/cgi-bin/ds_mark.prl?PidBox=KV6047,KV6047,11 F 1,40.2889023111,-74.8132598444,NJ,MERCER,Z = SEE DESCRIPTION,7 = SET IN TOP OF CONCRETE MONUMENT,20220928,MARK NOT FOUND,NJGS,48.948
20260103,http://www.ngs.noaa.gov/cgi-bin/ds_mark.prl?PidBox=KV6878,KV6878,11 F 2,40.3353495611,-74.8990767750,NJ,MERCER,DD = SURVEY DISK,38 = SET IN THE ABUTMENT OR PIER OF A LARGE BRIDGE,20160506,MARK NOT FOUND,INDIV,25.5
20260103,http://www.ngs.noaa.gov/cgi-bin/ds_mark.prl?PidBox=KV6879,KV6879,11 F 3,40.2910051000,-74.7813272083,NJ,MERCER,DD = SURVEY DISK,7 = SET IN TOP OF CONCRETE MONUMENT,20200831,GOOD,NJGS,50.4
20260103,http://www.ngs.noaa.gov/cgi-bin/ds_mark.prl?PidBox=DE9797,DE9797,11 F 4,40.1861909028,-74.7433173889,NJ,MERCER,DD = SURVEY DISK,7 = SET IN TOP OF CONCRETE MONUMENT,20020202,GOOD,NJGS,5.243
20260103,http://www.ngs.noaa.gov/cgi-bin/ds_mark.prl?PidBox=DP5849,DP5849,11 F 5,40.2579805556,-74.5143055556,NJ,MERCER,DD = SURVEY DISK,38 = SET IN THE ABUTMENT OR PIER OF A LARGE BRIDGE,20140228,MONUMENTED,NJGS,39.311
20260103,http://www.ngs.noaa.gov/cgi-bin/ds_mark.prl?PidBox=KV6052,KV6052,11 G 1,40.3085406278,-74.8813998944,NJ,MERCER,DD = SURVEY DISK,7 = SET IN TOP OF CONCRETE MONUMENT,20190820,GOOD,NJGS,18.471
20260103,http://www.ngs.noaa.gov/cgi-bin/ds_mark.prl?PidBox=KV6880,KV6880,11 G 2,40.3347366639,-74.8492603194,NJ,MERCER,DD = SURVEY DISK,7 = SET IN TOP OF CONCRETE MONUMENT,20210519,GOOD,NJGS,79.2
20260103,http://www.ngs.noaa.gov/cgi-bin/ds_mark.prl?PidBox=KV6881,KV6881,11 G 3,40.2917365250,-74.7757779278,NJ,MERCER,DD = SURVEY DISK,7 = SET IN TOP OF CONCRETE MONUMENT,1993,MONUMENTED,NJGS,47.8
20260103,http://www.ngs.noaa.gov/cgi-bin/ds_mark.prl?PidBox=DE9800,DE9800,11 G 4,40.1837861111,-74.7187722222,NJ,MERCER,DD = SURVEY DISK,7 = SET IN TOP OF CONCRETE MONUMENT,20020202,GOOD,NJGS,13.189
20260103,http://www.ngs.noaa.gov/cgi-bin/ds_mark.prl?PidBox=DP5830,DP5830,11 G 5,40.2692194444,-74.5039888889,NJ,MERCER,DD = SURVEY DISK,34 = SET IN THE FOOTINGS OF SMALL/MEDIUM STRUCTURES,20140312,MONUMENTED,NJGS,31.369
20260103,http://www.ngs.noaa.gov/cgi-bin/ds_mark.prl?PidBox=KV6053,KV6053,11 H 1,40.3143706250,-74.8913338833,NJ,MERCER,DD = SURVEY DISK,7 = SET IN TOP OF CONCRETE MONUMENT,20190624,GOOD,DEWDAV,17.599
20260103,http://www.ngs.noaa.gov/cgi-bin/ds_mark.prl?PidBox=DE9802,DE9802,11 H 4,40.1863888889,-74.6936111111,NJ,MERCER,DD = SURVEY DISK,7 = SET IN TOP OF CONCRETE MONUMENT,20020202,GOOD,NJGS,20.879
20260103,http://www.ngs.noaa.gov/cgi-bin/ds_mark.prl?PidBox=DP5829,DP5829,11 H 5,40.2685250000,-74.4957861111,NJ,MERCER,DD = SURVEY DISK,36 = SET IN A MASSIVE STRUCTURE,20140312,MONUMENTED,NJGS,35.035
20260103,http://www.ngs.noaa.gov/cgi-bin/ds_mark.prl?PidBox=KV6056,KV6056,11 J 1,40.3355813444,-74.9287507556,NJ,MERCER,DD = SURVEY DISK,32 = SET IN A RETAINING WALL OR CONCRETE LEDGE,20210804,POOR,NJGS,26.688
20260103,http://www.ngs.noaa.gov/cgi-bin/ds_mark.prl?PidBox=DF5253,DF5253,11 J 2,40.2234669056,-74.5600880083,NJ,MERCER,DD = SURVEY DISK,7 = SET IN TOP OF CONCRETE MONUMENT,20200327,GOOD,NJGS,30.0
20260103,http://www.ngs.noaa.gov/cgi-bin/ds_mark.prl?PidBox=DP5828,DP5828,11 J 5,40.2681805556,-74.4937472222,NJ,MERCER,DD = SURVEY DISK,34 = SET IN THE FOOTINGS OF SMALL/MEDIUM STRUCTURES,20140312,MONUMENTED,NJGS,35.658
20260103,http://www.ngs.noaa.gov/cgi-bin/ds_mark.prl?PidBox=KV6331,KV6331,11 K 1,40.1863888889,-74.5725000000,NJ,MERCER,DD = SURVEY DISK,7 = SET IN TOP OF CONCRETE MONUMENT,20020708,GOOD,NJGS,29.296
20260103,http://www.ngs.noaa.gov/cgi-bin/ds_mark.prl?PidBox=KV6929,KV6929,11 K 2,40.2383818111,-74.5626115833,NJ,MERCER,DD = SURVEY DISK,7 = SET IN TOP OF CONCRETE MONUMENT,20200925,GOOD,NJGS,34.1
20260103,http://www.ngs.noaa.gov/cgi-bin/ds_mark.prl?PidBox=AB6691,AB6691,11 K 3,40.3641666667,-74.6525000000,NJ,MERCER,DD = SURVEY DISK,31 = SET IN A PAVEMENT SUCH AS STREET SIDEWALK CURB ETC.,1995,MONUMENTED,NJGS,49.722
20260103,http://www.ngs.noaa.gov/cgi-bin/ds_mark.prl?PidBox=DE9803,DE9803,11 K 4,40.1872222222,-74.6885666667,NJ,MERCER,DD = SURVEY DISK,38 = SET IN THE ABUTMENT OR PIER OF A LARGE BRIDGE,20220624,GOOD,NJGS,9.617
20260103,http://www.ngs.noaa.gov/cgi-bin/ds_mark.prl?PidBox=DP5827,DP5827,11 K 5,40.2674888889,-74.4840972222,NJ,MERCER,DD = SURVEY DISK,34 = SET IN THE FOOTINGS OF SMALL/MEDIUM STRUCTURES,20230502,GOOD,NJGS,36.635
20260103,http://www.ngs.noaa.gov/cgi-bin/ds_mark.prl?PidBox=KV6332,KV6332,11 L 1,40.1902777778,-74.5852777778,NJ,MERCER,DD = SURVEY DISK,7 = SET IN TOP OF CONCRETE MONUMENT,20020708,GOOD,NJGS,30.061
20260103,http://www.ngs.noaa.gov/cgi-bin/ds_mark.prl?PidBox=DF5254,DF5254,11 L 2,40.2150979139,-74.5715516694,NJ,MERCER,DD = SURVEY DISK,7 = SET IN TOP OF CONCRETE MONUMENT,20221130,MARK NOT FOUND,NJGS,36.1
20260103,http://www.ngs.noaa.gov/cgi-bin/ds_mark.prl?PidBox=DE9831,DE9831,11 L 4,40.1888888889,-74.5922222222,NJ,MERCER,DD = SURVEY DISK,32 = SET IN A RETAINING WALL OR CONCRETE LEDGE,20100326,GOOD,NJGS,29.776
20260103,http://www.ngs.noaa.gov/cgi-bin/ds_mark.prl?PidBox=DP5852,DP5852,11 L 5,40.2604722222,-74.5417472222,NJ,MERCER,DD = SURVEY DISK,32 = SET IN A RETAINING WALL OR CONCRETE LEDGE,20140326,MONUMENTED,NJGS,33.820
20260103,http://www.ngs.noaa.gov/cgi-bin/ds_mark.prl?PidBox=KV6333,KV6333,11 M 1,40.1925000000,-74.5958333333,NJ,MERCER,DD = SURVEY DISK,7 = SET IN TOP OF CONCRETE MONUMENT,20020708,GOOD,NJGS,36.996
20260103,http://www.ngs.noaa.gov/cgi-bin/ds_mark.prl?PidBox=KV6930,KV6930,11 M 2,40.2413040111,-74.5309749139,NJ,MERCER,DD = SURVEY DISK,7 = SET IN TOP OF CONCRETE MONUMENT,19920326,GOOD,,42.6
20260103,http://www.ngs.noaa.gov/cgi-bin/ds_mark.prl?PidBox=DE9832,DE9832,11 M 4,40.2097222222,-74.7557305556,NJ,MERCER,DD = SURVEY DISK,38 = SET IN THE ABUTMENT OR PIER OF A LARGE BRIDGE,20240605,GOOD,AAAS,15.810
20260103,http://www.ngs.noaa.gov/cgi-bin/ds_mark.prl?PidBox=DP5854,DP5854,11 M 5,40.2525888889,-74.5593388889,NJ,MERCER,DD = SURVEY DISK,31 = SET IN A PAVEMENT SUCH AS STREET SIDEWALK CURB ETC.,20140326,MONUMENTED,NJGS,35.555
20260103,http://www.ngs.noaa.gov/cgi-bin/ds_mark.prl?PidBox=KV6342,KV6342,11 N 1,40.1952777778,-74.6061111111,NJ,MERCER,DD = SURVEY DISK,7 = SET IN TOP OF CONCRETE MONUMENT,1989,MONUMENTED,NJGS,31.649
20260103,http://www.ngs.noaa.gov/cgi-bin/ds_mark.prl?PidBox=KV6931,KV6931,11 N 2,40.2567089167,-74.5505848667,NJ,MERCER,DD = SURVEY DISK,7 = SET IN TOP OF CONCRETE MONUMENT,20240424,GOOD,AAAS,35.067
20260103,http://www.ngs.noaa.gov/cgi-bin/ds_mark.prl?PidBox=AB6694,AB6694,11 N 3,40.3836111111,-74.6538888889,NJ,MERCER,DD = SURVEY DISK,80 = SET IN A BOULDER,1995,MONUMENTED,NJGS,56.439
20260103,http://www.ngs.noaa.gov/cgi-bin/ds_mark.prl?PidBox=DE9821,DE9821,11 N 4,40.2130888889,-74.7565000000,NJ,MERCER,DD = SURVEY DISK,7 = SET IN TOP OF CONCRETE MONUMENT,20020708,GOOD,NJGS,15.879
20260103,http://www.ngs.noaa.gov/cgi-bin/ds_mark.prl?PidBox=DP5856,DP5856,11 N 5,40.2430861111,-74.5746666667,NJ,MERCER,DD = SURVEY DISK,34 = SET IN THE FOOTINGS OF SMALL/MEDIUM STRUCTURES,20221027,GOOD,NJGS,31.447
20260103,http://www.ngs.noaa.gov/cgi-bin/ds_mark.prl?PidBox=KV6341,KV6341,11 P 1,40.1983976500,-74.6161422556,NJ,MERCER,DD = SURVEY DISK,9 = POST (STONE OR PRECAST CONCRETE),20060316,GOOD,BANC,33.142
20260103,http://www.ngs.noaa.gov/cgi-bin/ds_mark.prl?PidBox=KV6932,KV6932,11 P 2,40.2687809194,-74.5127621639,NJ,MERCER,DD = SURVEY DISK,7 = SET IN TOP OF CONCRETE MONUMENT,20240424,GOOD,AAAS,27.799
20260103,http://www.ngs.noaa.gov/cgi-bin/ds_mark.prl?PidBox=AB6695,AB6695,11 P 3,40.1961111111,-74.5966666667,NJ,MERCER,,,20160420,MARK NOT FOUND,NJGS,43.646
20260103,http://www.ngs.noaa.gov/cgi-bin/ds_mark.prl?PidBox=DK6461,DK6461,11 P 4,40.3431500000,-74.6299638889,NJ,MERCER,DD = SURVEY DISK,38 = SET IN THE ABUTMENT OR PIER OF A LARGE BRIDGE,20200925,GOOD,NJGS,17.378
20260103,http://www.ngs.noaa.gov/cgi-bin/ds_mark.prl?PidBox=DP5857,DP5857,11 P 5,40.2369000000,-74.5858388889,NJ,MERCER,DD = SURVEY DISK,38 = SET IN THE ABUTMENT OR PIER OF A LARGE BRIDGE,20201201,GOOD,NJGS,25.603
20260103,http://www.ngs.noaa.gov/cgi-bin/ds_mark.prl?PidBox=KV6340,KV6340,11 Q 1,40.2003091278,-74.6257211111,NJ,MERCER,DD = SURVEY DISK,9 = POST (STONE OR PRECAST CONCRETE),20060627,GOOD,NJGS,24.413
20260103,http://www.ngs.noaa.gov/cgi-bin/ds_mark.prl?PidBox=KV6933,KV6933,11 Q 2,40.2593616722,-74.5298232972,NJ,MERCER,DD = SURVEY DISK,7 = SET IN TOP OF CONCRETE MONUMENT,20140429,GOOD,NJGS,38.091
20260103,http://www.ngs.noaa.gov/cgi-bin/ds_mark.prl?PidBox=AB6696,AB6696,11 Q 3,40.2050000000,-74.5994444444,NJ,MERCER,DD = SURVEY DISK,32 = SET IN A RETAINING WALL OR CONCRETE LEDGE,20020708,GOOD,NJGS,32.445
20260103,http://www.ngs.noaa.gov/cgi-bin/ds_mark.prl?PidBox=DK6462,DK6462,11 Q 4,40.3416666667,-74.6252777778,NJ,MIDDLESEX,DD = SURVEY DISK,7 = SET IN TOP OF CONCRETE MONUMENT,20060613,MONUMENTED,NJGS,28.174
20260103,http://www.ngs.noaa.gov/cgi-bin/ds_mark.prl?PidBox=DP5858,DP5858,11 Q 5,40.2259333333,-74.6042638889,NJ,MERCER,DD = SURVEY DISK,34 = SET IN THE FOOTINGS OF SMALL/MEDIUM STRUCTURES,20221025,GOOD,NJGS,33.635
20260103,http://www.ngs.noaa.gov/cgi-bin/ds_mark.prl?PidBox=KV6339,KV6339,11 R 1,40.2027777778,-74.6472222222,NJ,MERCER,DD = SURVEY DISK,9 = POST (STONE OR PRECAST CONCRETE),19890630,GOOD,NJGS,31.991
20260103,http://www.ngs.noaa.gov/cgi-bin/ds_mark.prl?PidBox=KV6934,KV6934,11 R 2,40.2608439333,-74.5347660389,NJ,MERCER,DD = SURVEY DISK,7 = SET IN TOP OF CONCRETE MONUMENT,20191118,GOOD,GPI,37.684
20260103,http://www.ngs.noaa.gov/cgi-bin/ds_mark.prl?PidBox=DJ9625,DJ9625,11 R 4,40.2157638889,-74.6072138889,NJ,MERCER,DD = SURVEY DISK,32 = SET IN A RETAINING WALL OR CONCRETE LEDGE,20140429,GOOD,NJGS,27.787
20260103,http://www.ngs.noaa.gov/cgi-bin/ds_mark.prl?PidBox=DM6877,DM6877,11 R 4,40.2550000000,-74.8027777778,NJ,MERCER,DD = SURVEY DISK,32 = SET IN A RETAINING WALL OR CONCRETE LEDGE,20090317,MONUMENTED,NJGS,32.507
20260103,http://www.ngs.noaa.gov/cgi-bin/ds_mark.prl?PidBox=DJ9628,DJ9628,11 R 44,40.1997222222,-74.6375000000,NJ,MERCER,DD = SURVEY DISK,34 = SET IN THE FOOTINGS OF SMALL/MEDIUM STRUCTURES,20060718,MONUMENTED,NJGS,19.337
20260103,http://www.ngs.noaa.gov/cgi-bin/ds_mark.prl?PidBox=DP5855,DP5855,11 R 5,40.2475583333,-74.5683944444,NJ,MERCER,DD = SURVEY DISK,32 = SET IN A RETAINING WALL OR CONCRETE LEDGE,20170727,GOOD,AAAS,32.478
20260103,http://www.ngs.noaa.gov/cgi-bin/ds_mark.prl?PidBox=KV6338,KV6338,11 S 1,40.2002777778,-74.6572222222,NJ,MERCER,DD = SURVEY DISK,9 = POST (STONE OR PRECAST CONCRETE),19890630,GOOD,NJGS,20.225
20260103,http://www.ngs.noaa.gov/cgi-bin/ds_mark.prl?PidBox=KV6935,KV6935,11 S 2,40.2537528028,-74.5084827111,NJ,MERCER,DD = SURVEY DISK,7 = SET IN TOP OF CONCRETE MONUMENT,20240315,GOOD,NJGS,33.755
20260103,http://www.ngs.noaa.gov/cgi-bin/ds_mark.prl?PidBox=DE9801,DE9801,11 S 3,40.1848078889,-74.7108302639,NJ,MERCER,,,20200325,MARK NOT FOUND,NJGS,13.773
20260103,http://www.ngs.noaa.gov/cgi-bin/ds_mark.prl?PidBox=DJ9627,DJ9627,11 S 4,40.2161111111,-74.6197222222,NJ,MERCER,DD = SURVEY DISK,34 = SET IN THE FOOTINGS OF SMALL/MEDIUM STRUCTURES,20060628,MONUMENTED,NJGS,37.569
20260103,http://www.ngs.noaa.gov/cgi-bin/ds_mark.prl?PidBox=DM6880,DM6880,11 S 4,40.2600583333,-74.7983055556,NJ,MERCER,DD = SURVEY DISK,7 = SET IN TOP OF CONCRETE MONUMENT,20090317,MONUMENTED,NJGS,37.160
20260103,http://www.ngs.noaa.gov/cgi-bin/ds_mark.prl?PidBox=DJ9629,DJ9629,11 S 44,40.1930555556,-74.6466666667,NJ,MERCER,DD = SURVEY DISK,34 = SET IN THE FOOTINGS OF SMALL/MEDIUM STRUCTURES,20100326,GOOD,NJGS,20.155
20260103,http://www.ngs.noaa.gov/cgi-bin/ds_mark.prl?PidBox=DP5861,DP5861,11 S 5,40.2729444444,-74.5384083333,NJ,MERCER,DD = SURVEY DISK,34 = SET IN THE FOOTINGS OF SMALL/MEDIUM STRUCTURES,20140429,MONUMENTED,NJGS,34.985
20260103,http://www.ngs.noaa.gov/cgi-bin/ds_mark.prl?PidBox=KV6337,KV6337,11 T 1,40.1966666667,-74.6702777778,NJ,MERCER,DD = SURVEY DISK,9 = POST (STONE OR PRECAST CONCRETE),19890630,GOOD,NJGS,15.292
20260103,http://www.ngs.noaa.gov/cgi-bin/ds_mark.prl?PidBox=DE9789,DE9789,11 T 3,40.2053174417,-74.7547170500,NJ,MERCER,DD = SURVEY DISK,7 = SET IN TOP OF CONCRETE MONUMENT,20020114,GOOD,NJGS,13.604
20260103,http://www.ngs.noaa.gov/cgi-bin/ds_mark.prl?PidBox=DJ9630,DJ9630,11 T 4,40.1872222222,-74.6575000000,NJ,MERCER,DD = SURVEY DISK,36 = SET IN A MASSIVE STRUCTURE,20100326,GOOD,NJGS,19.921
20260103,http://www.ngs.noaa.gov/cgi-bin/ds_mark.prl?PidBox=DM6881,DM6881,11 T 4,40.2640972222,-74.8025111111,NJ,MERCER,DD = SURVEY DISK,7 = SET IN TOP OF CONCRETE MONUMENT,20090319,MONUMENTED,NJGS,38.222
20260103,http://www.ngs.noaa.gov/cgi-bin/ds_mark.prl?PidBox=DP5864,DP5864,11 T 5,40.2531777778,-74.5030805556,NJ,MERCER,DD = SURVEY DISK,38 = SET IN THE ABUTMENT OR PIER OF A LARGE BRIDGE,20240424,GOOD,AAAS,29.440
20260103,http://www.ngs.noaa.gov/cgi-bin/ds_mark.prl?PidBox=KV6336,KV6336,11 U 1,40.1950388889,-74.6780027778,NJ,MERCER,DD = SURVEY DISK,9 = POST (STONE OR PRECAST CONCRETE),19890630,GOOD,NJGS,12.386
20260103,http://www.ngs.noaa.gov/cgi-bin/ds_mark.prl?PidBox=KV6671,KV6671,11 U 2,40.3422956861,-74.6374225028,NJ,MERCER,DD = SURVEY DISK,7 = SET IN TOP OF CONCRETE MONUMENT,20171026,MARK NOT FOUND,PBCONS,18.547
20260103,http://www.ngs.noaa.gov/cgi-bin/ds_mark.prl?PidBox=DM6882,DM6882,11 U 4,40.2675000000,-74.8097222222,NJ,MERCER,DD = SURVEY DISK,37 = SET IN A MASSIVE RETAINING WALL,20090320,MONUMENTED,NJGS,42.025
20260103,http://www.ngs.noaa.gov/cgi-bin/ds_mark.prl?PidBox=DS3228,DS3228,11 U 5,40.2973129806,-74.6800769556,NJ,MERCER,DD = SURVEY DISK,34 = SET IN THE FOOTINGS OF SMALL/MEDIUM STRUCTURES,20240521,MONUMENTED,NJGS,29.14
20260103,http://www.ngs.noaa.gov/cgi-bin/ds_mark.prl?PidBox=KV6335,KV6335,11 V 1,40.1921612361,-74.6846460611,NJ,MERCER,DD = SURVEY DISK,7 = SET IN TOP OF CONCRETE MONUMENT,20020503,GOOD,NJGS,11.090
20260103,http://www.ngs.noaa.gov/cgi-bin/ds_mark.prl?PidBox=KV6790,KV6790,11 V 2,40.3101529333,-74.7343480778,NJ,MERCER,DD = SURVEY DISK,7 = SET IN TOP OF CONCRETE MONUMENT,20140915,MARK NOT FOUND,AAAS,49.4
20260103,http://www.ngs.noaa.gov/cgi-bin/ds_mark.prl?PidBox=DE9791,DE9791,11 V 3,40.1980668861,-74.7526885278,NJ,MERCER,DD = SURVEY DISK,7 = SET IN TOP OF CONCRETE MONUMENT,20020202,GOOD,NJGS,13.744
20260103,http://www.ngs.noaa.gov/cgi-bin/ds_mark.prl?PidBox=DM6883,DM6883,11 V 4,40.2658333333,-74.8194444444,NJ,MERCER,DD = SURVEY DISK,34 = SET IN THE FOOTINGS OF SMALL/MEDIUM STRUCTURES,20090319,MONUMENTED,NJGS,51.224
20260103,http://www.ngs.noaa.gov/cgi-bin/ds_mark.prl?PidBox=DS3227,DS3227,11 V 5,40.3384983306,-74.6292576917,NJ,MERCER,DD = SURVEY DISK,36 = SET IN A MASSIVE STRUCTURE,20240521,MONUMENTED,NJGS,19.29
20260103,http://www.ngs.noaa.gov/cgi-bin/ds_mark.prl?PidBox=KV6346,KV6346,11 W 1,40.1855250000,-74.6999194444,NJ,MERCER,DD = SURVEY DISK,7 = SET IN TOP OF CONCRETE MONUMENT,20020710,GOOD,NJGS,13.880
20260103,http://www.ngs.noaa.gov/cgi-bin/ds_mark.prl?PidBox=KV6791,KV6791,11 W 2,40.2742309472,-74.7003337778,NJ,MERCER,DD = SURVEY DISK,7 = SET IN TOP OF CONCRETE MONUMENT,20220216,GOOD,NJDT,15.7
20260103,http://www.ngs.noaa.gov/cgi-bin/ds_mark.prl?PidBox=DE9790,DE9790,11 W 3,40.1980194444,-74.7530333333,NJ,MERCER,DD = SURVEY DISK,7 = SET IN TOP OF CONCRETE MONUMENT,20020202,GOOD,NJGS,13.671
20260103,http://www.ngs.noaa.gov/cgi-bin/ds_mark.prl?PidBox=DM6884,DM6884,11 W 4,40.2706833333,-74.8237333333,NJ,MERCER,DD = SURVEY DISK,32 = SET IN A RETAINING WALL OR CONCRETE LEDGE,20090319,MONUMENTED,NJGS,43.969
20260103,http://www.ngs.noaa.gov/cgi-bin/ds_mark.prl?PidBox=DS3226,DS3226,11 W 5,40.2451003139,-74.7613173278,NJ,MERCER,DD = SURVEY DISK,36 = SET IN A MASSIVE STRUCTURE,20240521,MONUMENTED,NJGS,21.10
20260103,http://www.ngs.noaa.gov/cgi-bin/ds_mark.prl?PidBox=KV6347,KV6347,11 X 1,40.1852701806,-74.7073018917,NJ,MERCER,DD = SURVEY DISK,7 = SET IN TOP OF CONCRETE MONUMENT,20020202,GOOD,NJGS,11.961
20260103,http://www.ngs.noaa.gov/cgi-bin/ds_mark.prl?PidBox=KV6792,KV6792,11 X 2,40.2903698694,-74.6775569667,NJ,MERCER,DD = SURVEY DISK,7 = SET IN TOP OF CONCRETE MONUMENT,20220217,GOOD,NJGS,27.3
20260103,http://www.ngs.noaa.gov/cgi-bin/ds_mark.prl?PidBox=DE9823,DE9823,11 X 3,40.1944444444,-74.7508333333,NJ,MERCER,DD = SURVEY DISK,7 = SET IN TOP OF CONCRETE MONUMENT,20020202,GOOD,NJGS,12.822
20260103,http://www.ngs.noaa.gov/cgi-bin/ds_mark.prl?PidBox=DM6885,DM6885,11 X 4,40.2764555556,-74.8279861111,NJ,MERCER,DD = SURVEY DISK,66 = SET IN ROCK OUTCROP,20090319,MONUMENTED,NJGS,69.193
20260103,http://www.ngs.noaa.gov/cgi-bin/ds_mark.prl?PidBox=DS3235,DS3235,11 X 5,40.1890712083,-74.6522917972,NJ,MERCER,DD = SURVEY DISK,38 = SET IN THE ABUTMENT OR PIER OF A LARGE BRIDGE,20240626,MONUMENTED,NJGS,15.43
20260103,http://www.ngs.noaa.gov/cgi-bin/ds_mark.prl?PidBox=KV6348,KV6348,11 Y 1,40.1852777778,-74.7113888889,NJ,MERCER,DD = SURVEY DISK,7 = SET IN TOP OF CONCRETE MONUMENT,20020202,GOOD,NJGS,12.779
20260103,http://www.ngs.noaa.gov/cgi-bin/ds_mark.prl?PidBox=KV6793,KV6793,11 Y 2,40.2701984972,-74.7662539611,NJ,MERCER,DD = SURVEY DISK,7 = SET IN TOP OF CONCRETE MONUMENT,20220912,GOOD,NJGS,35.380
20260103,http://www.ngs.noaa.gov/cgi-bin/ds_mark.prl?PidBox=DE9793,DE9793,11 Y 3,40.1900000000,-74.7505555556,NJ,MERCER,DD = SURVEY DISK,7 = SET IN TOP OF CONCRETE MONUMENT,20020202,GOOD,NJGS,6.589
20260103,http://www.ngs.noaa.gov/cgi-bin/ds_mark.prl?PidBox=DM6886,DM6886,11 Y 4,40.2638888889,-74.7938888889,NJ,MERCER,DD = SURVEY DISK,38 = SET IN THE ABUTMENT OR PIER OF A LARGE BRIDGE,20090323,MONUMENTED,NJGS,32.185
20260103,http://www.ngs.noaa.gov/cgi-bin/ds_mark.prl?PidBox=DS3237,DS3237,11 Y 5,40.2287228750,-74.6682969444,NJ,MERCER,DD = SURVEY DISK,32 = SET IN A RETAINING WALL OR CONCRETE LEDGE,20240820,MONUMENTED,NJGS,30.37
20260103,http://www.ngs.noaa.gov/cgi-bin/ds_mark.prl?PidBox=KV6794,KV6794,11 Z 1,40.2170436139,-74.6606646278,NJ,MERCER,DD = SURVEY DISK,7 = SET IN TOP OF CONCRETE MONUMENT,20190814,GOOD,NJGS,29.2
20260103,http://www.ngs.noaa.gov/cgi-bin/ds_mark.prl?PidBox=DE9794,DE9794,11 Z 3,40.1844444444,-74.7472222222,NJ,MERCER,DD = SURVEY DISK,7 = SET IN TOP OF CONCRETE MONUMENT,20020202,GOOD,NJGS,3.574
20260103,http://www.ngs.noaa.gov/cgi-bin/ds_mark.prl?PidBox=DM6887,DM6887,11 Z 4,40.2691666667,-74.7941666667,NJ,MERCER,DD = SURVEY DISK,38 = SET IN THE ABUTMENT OR PIER OF A LARGE BRIDGE,20090323,MONUMENTED,NJGS,34.759
20260103,http://www.ngs.noaa.gov/cgi-bin/ds_mark.prl?PidBox=JU0620,JU0620,110 CNJRR,39.5900000000,-74.8977777778,NJ,ATLANTIC,Z = SEE DESCRIPTION,30 = SET IN A LIGHT STRUCTURE,20210820,MARK NOT FOUND,NJGS,25.764
